1712 2841
222 293 378 352 quibus
381 283 582 339 traditum.
591 295 666 333 est
671 290 875 345 Reliquias}
882 291 1170 357 eoumrfflpms
1171 289 1535 344 Gaunmmojege

222 353 352 415 Plotia
368 356 568 398 extinctas
594 364 710 396 esse
741 354 897 409 Latius
895 349 1045 403 tam-en
1066 343 1189 407 patet
1206 354 1305 396 haec
1323 349 1534 400 scematis,

222 431 338 473 quam
358 428 459 470 qua
469 418 531 457 lex
557 419 694 458 nostra
720 405 841 458 certis
866 416 1007 457 finibus
1035 404 1316 458 circumsmibi
1322 412 1482 467 possit(
1545 444 1549 447 ⁴

335 486 370 521 2.
422 482 573 533 Eodem
607 481 791 530 pertinet,
822 482 931 531 quod
958 482 991 530 ξ.
1015 484 1062 520 56
1100 481 1280 530 arguitur
1301 479 1418 519 Sulla.
1442 479 1536 519 His.-

219 544 379 597 paniam
406 531 646 594 provinciam
674 541 835 582 turbare
862 543 1049 583 voluisse:
1084 545 1152 590 „at
1179 542 1281 582 enim
1307 542 1449 582 Sittius
1467 544 1537 581 ‘est

214 599 272 649 ‘ab
299 608 373 649 hoc
391 608 431 647 in
449 603 680 657 Hispaniam
699 606 924 646 ulteriorem
943 607 1099 654 missus,
1127 609 1172 645 ut
1191 618 1276 645 eam
1295 606 1536 656 provinciam

116 657 121 658 ⁷
187 665 192 667 ’
222 666 512 722 perturbaret,“
539 672 580 708 et
607 668 711 718 quod

327 739 361 773 3.
403 734 449 783 ξ.
479 737 528 771 60
567 732 752 772 dicuntur
780 731 1009 781 Pompeiani
1036 744 1122 773 esse
1166 746 1189 772 a
1223 732 1330 772 Sulla
1366 731 1535 782 impulsi,

222 799 268 836 ut
294 797 346 836 ad
373 796 489 835 istam
518 794 825 834 coniurationem
854 795 1097 835 accederent.
1183 814 1196 832 ε

326 858 538 898 Praeterea
565 869 663 907 quae
691 857 845 897 crimini
872 857 1079 905 dabantur,
1109 870 1155 897 ea
1173 858 1319 897 certius
1337 858 1537 908 aliquanto

224 933 305 961 rem
335 921 582 960 denunciant.
636 920 794 960 Habent
822 920 924 959 enim
959 921 1089 960 omnia
1115 921 1189 960 hoc
1215 921 1318 960 inter
1353 932 1396 959 se
1431 931 1537 959 com-

226 996 353 1031 mune,
382 984 486 1034 quod
505 984 744 1034 gladiatores
763 987 803 1024 et
821 991 962 1034 operae
981 984 1166 1023 dicuntur
1186 984 1402 1033 comparati
1420 986 1538 1033 atque

225 1047 378 1094 armati,
408 1047 489 1100 sive
516 1050 560 1085 ut
590 1046 748 1086 comitia
775 1046 1029 1086 turbarentur
1057 1048 1138 1087 sive
1157 1046 1372 1096 rogationis
1390 1046 1429 1085 vi
1448 1058 1538 1095 per-

224 1108 408 1151 ferendae
436 1120 564 1148 causa.
620 1108 720 1148 Sunt
746 1111 879 1148 autem
906 1109 982 1148 loci
1008 1109 1065 1148 hi:

329 1176 362 1210 4.
417 1174 449 1222 ξ.
472 1176 520 1211 54
548 1172 813 1221 „gladiatores
841 1176 994 1221 emptos
1022 1183 1107 1211 esse
1126 1171 1265 1210 Fausti
1291 1171 1540 1210 simulatione

225 1235 277 1273 ad
305 1235 466 1273 caedem
493 1246 538 1273 ac
565 1234 822 1282 tumultum“;

331 1303 364 1338 5.
418 1298 452 1348 ξ.
493 1301 539 1336 62
576 1300 643 1345 „at
676 1297 778 1336 enim
813 1300 853 1337 et
888 1298 1127 1347 gladiatores
1155 1300 1194 1336 et
1223 1297 1350 1336 omnis
1377 1296 1455 1336 ista
1482 1295 1540 1335 vis

224 1360 441 1409 rogationis
457 1360 648 1399 Caeciliae
676 1371 795 1399 causa
823 1360 1172 1410 comparabatur&
1202 1359 1346 1398 seditio
1365 1359 1539 1408 appella—

198 1467 200 1469 ,
226 1424 342 1464 batur
369 1425 402 1475 ξ.
432 1428 490 1464 66Α
509 1422 554 1463 cf.
583 1423 617 1474 ξ.
648 1427 712 1471 64;

333 1492 365 1526 6.
420 1488 452 1537 ξ.
482 1492 529 1527 68
558 1487 634 1534 „de
662 1498 737 1536 quo
766 1488 883 1526 ctiam
913 1488 947 1527 si
965 1488 1051 1537 quis
1070 1487 1293 1526 dubitasset
1311 1490 1429 1526 antea
1447 1499 1539 1526 num

219 1551 279 1599 id,
314 1551 419 1601 quod
452 1554 496 1590 tu
532 1550 678 1601 arguis,
715 1551 939 1600 cogitasset,
969 1551 1176 1590 interfecto
1209 1553 1324 1600 patre
1351 1553 1420 1588 tuo
1448 1561 1542 1589 con-

226 1614 350 1653 sulem
391 1614 629 1653 descendere
666 1614 855 1654 Kalendis
891 1615 916 1653 J
918 1614 1091 1653 anuariis
1133 1625 1220 1653 cum
1258 1612 1460 1652 lictoribus
1491 1636 1541 1641 —

226 1687 314 1715 cum
334 1676 468 1716 dixisti
485 1676 588 1722 hunc
620 1699 663 1703 —-
683 1678 829 1715 'contra
846 1680 1000 1726 patrem
1019 1681 1129 1716 tuum
1150 1688 1290 1725 operas
1314 1680 1355 1714 et
1373 1687 1531 1714 manum

227 1735 513 1789 comparasse“.
578 1738 735 1779 Patrem
769 1740 942 1785 dicit,L.
973 1741 1162 1780 Manlium
1197 1740 1438 1790 Torquatum
1466 1751 1531 1779 cos

227 1815 262 1842 a.
284 1815 321 1841 u.
351 1806 437 1849 689,
467 1802 533 1851 qui
560 1803 794 1851 competitor
819 1803 948 1842 fuerat
977 1803 1108 1841 Sullae
1136 1804 1175 1841 in
1203 1803 1417 1841 consulatu.

331 1865 549 1905 Accusatus
568 1863 690 1914 igitur
705 1864 813 1905 Sulla
828 1866 985 1905 videtur
1003 1877 1089 1905 esse
1107 1864 1300 1915 imprimis
1318 1867 1541 1914 propterea,

227 1929 333 1979 quod
359 1928 538 1967 homines
565 1933 833 1977 comparasset
860 1932 979 1979 atque
1006 1932 1210 1977 armasset,
1239 1939 1404 1978 quorum
1423 1938 1544 1976 opera

228 1994 406 2032 uteretur
439 1992 491 2031 ad
524 1991 682 2031 comitia
715 2004 786 2042 per
819 1993 896 2032 vim
931 1992 1127 2032 turbanda
1156 1995 1195 2031 et
1221 1992 1273 2030 ad
1300 1990 1542 2041 rogationem

171 2080 174 2083 «
228 2054 334 2093 illam
363 2054 585 2103 Caeciliam,
623 2067 701 2105 qua
736 2055 835 2105 legis
870 2056 919 2095 de
951 2054 1102 2094 ambitu
1130 2067 1255 2105 poena
1282 2054 1541 2103 mitigaretur,

228 2116 512 2167 perferendam.
574 2118 705 2168 Atque
738 2119 857 2158 etiam
894 2119 1029 2168 priora
1064 2118 1131 2158 illa
1158 2119 1246 2165 tria,
1284 2117 1423 2168 quibus
1450 2128 1541 2156 con-

228 2181 413 2220 iurationi
452 2181 705 2220 Catilinariae
750 2182 976 2221 interfuisse
1016 2181 1207 2231 arguitur,
1250 2180 1455 2231 quominus
1496 2191 1541 2218 eo

228 2243 475 2293 potissimum
504 2255 620 2283 sensu
646 2244 894 2294 accipiamus,
923 2247 969 2283 ut
996 2245 1048 2283 ad
1075 2244 1233 2283 comitia
1259 2243 1418 2283 turbata
1445 2242 1541 2281 vict

229 2307 349 2345 armis
376 2306 572 2356 pertinere
599 2310 832 2354 statuamus,
861 2307 957 2345 nihil
984 2306 1160 2356 impedit.

294 2400 300 2406 .
335 2368 520 2419 Sequitur
555 2381 675 2409 causa
703 2369 895 2418 Sestiana,
933 2373 1022 2409 aeta
1055 2382 1088 2409 a.
1122 2382 1157 2408 u.
1188 2373 1270 2408 698,
1325 2368 1543 2407 Accusatus

230 2435 316 2472 erat
343 2433 432 2472 iam.
448 2437 565 2473 antea
587 2433 738 2473 Sestius
766 2445 789 2472 a
809 2433 956 2481 Clodio,
986 2433 1036 2472 de
1055 2445 1131 2483 qua
1149 2431 1396 2471 accusatione
1416 2430 1542 2470 Schol.

230 2495 324 2535 Bob.
353 2508 433 2547 arg.
461 2509 496 2547 p.
528 2501 600 2535 ‘292
621 2496 717 2536 haec
736 2496 809 2537 ait:
839 2500 1072 2547 „postquam
1091 2499 1223 2536 tamen
1244 2495 1380 2537 Cicero
1407 2493 1455 2534 ab
1476 2506 1543 2536 ex-

413 223 656 282 essum
655 228 1194 286 aesaoarseussqrsma
1211 225 1566 280 amanium>
1652 196 1654 198 ’
