<?xml version="1.0" encoding="UTF-8"?>
<!DOCTYPE html PUBLIC "-//W3C//DTD XHTML 1.0 Transitional//EN"
    "http://www.w3.org/TR/xhtml1/DTD/xhtml1-transitional.dtd">
<html xmlns="http://www.w3.org/1999/xhtml" xml:lang="en" lang="en">
 <head>
  <title>
</title>
<meta http-equiv="Content-Type" content="text/html;charset=utf-8" />
  <meta name='ocr-system' content='tesseract 3.04.00' />
  <meta name='ocr-capabilities' content='ocr_page ocr_carea ocr_par ocr_line ocrx_word'/>
</head>
<body>
  <div class='ocr_page' id='page_1' title='image "4737227_0016.png"; bbox 0 0 1712 2841; ppageno 0'>
   <div class='ocr_carea' id='block_1_1' title="bbox 217 110 272 154">
    <p class='ocr_par' dir='ltr' id='par_1_1' title="bbox 217 110 272 154">
     <span class='ocr_line' id='line_1_1' title="bbox 217 110 272 154; baseline 0.036 -2"><span class='ocrx_word' id='word_1_1' title='bbox 217 110 272 154; x_wconf 87' lang='lat'><strong>10</strong></span> 
     </span>
    </p>
   </div>
   <div class='ocr_carea' id='block_1_2' title="bbox 210 236 1538 791">
    <p class='ocr_par' dir='ltr' id='par_1_2' title="bbox 210 236 1538 791">
     <span class='ocr_line' id='line_1_2' title="bbox 210 236 1535 288; baseline 0.003 -12"><span class='ocrx_word' id='word_1_2' title='bbox 210 236 277 276; x_wconf 88' lang='lat' dir='ltr'><strong>ilio</strong></span> <span class='ocrx_word' id='word_1_3' title='bbox 292 237 422 285; x_wconf 88' lang='lat' dir='ltr'><strong>rediit,</strong></span> <span class='ocrx_word' id='word_1_4' title='bbox 438 249 625 277; x_wconf 86' lang='lat' dir='ltr'><strong>accusare</strong></span> <span class='ocrx_word' id='word_1_5' title='bbox 639 237 688 277; x_wconf 89' lang='lat' dir='ltr'><strong>de</strong></span> <span class='ocrx_word' id='word_1_6' title='bbox 702 237 740 277; x_wconf 91' lang='lat' dir='ltr'><strong>vi</strong></span> <span class='ocrx_word' id='word_1_7' title='bbox 753 236 795 276; x_wconf 93' lang='lat' dir='ltr'><strong>P.</strong></span> <span class='ocrx_word' id='word_1_8' title='bbox 807 237 967 277; x_wconf 83' lang='lat' dir='ltr'>Clodius</span> <span class='ocrx_word' id='word_1_9' title='bbox 983 236 1155 277; x_wconf 83' lang='lat' dir='ltr'><strong>Sestium</strong></span> <span class='ocrx_word' id='word_1_10' title='bbox 1170 238 1301 288; x_wconf 87' lang='lat' dir='ltr'><strong>coepit</strong></span> <span class='ocrx_word' id='word_1_11' title='bbox 1316 251 1384 288; x_wconf 83' lang='lat'><strong>—3</strong></span> <span class='ocrx_word' id='word_1_12' title='bbox 1400 243 1446 280; x_wconf 91' lang='lat' dir='ltr'><strong>ut</strong></span> <span class='ocrx_word' id='word_1_13' title='bbox 1459 240 1535 281; x_wconf 84' lang='lat' dir='ltr'><strong>hoc</strong></span> 
     </span>
     <span class='ocr_line' id='line_1_3' title="bbox 210 300 1534 350; baseline 0.003 -12"><span class='ocrx_word' id='word_1_14' title='bbox 210 300 421 349; x_wconf 85' lang='lat' dir='ltr'>praecipue</span> <span class='ocrx_word' id='word_1_15' title='bbox 449 301 602 339; x_wconf 86' lang='lat' dir='ltr'><strong>crimini</strong></span> <span class='ocrx_word' id='word_1_16' title='bbox 621 301 748 347; x_wconf 87' lang='lat' dir='ltr'><strong>daret,</strong></span> <span class='ocrx_word' id='word_1_17' title='bbox 776 301 882 350; x_wconf 89' lang='lat' dir='ltr'><strong>quod</strong></span> <span class='ocrx_word' id='word_1_18' title='bbox 901 312 1180 350; x_wconf 83' lang='lat' dir='ltr'><strong>supergressus</strong></span> <span class='ocrx_word' id='word_1_19' title='bbox 1200 302 1352 341; x_wconf 88' lang='lat' dir='ltr'><strong>civilem</strong></span> <span class='ocrx_word' id='word_1_20' title='bbox 1373 304 1534 346; x_wconf 86' lang='lat' dir='ltr'><strong>modum</strong></span> 
     </span>
     <span class='ocr_line' id='line_1_4' title="bbox 214 362 1537 413; baseline 0.003 -12"><span class='ocrx_word' id='word_1_21' title='bbox 214 363 513 412; x_wconf 84' lang='lat' dir='ltr'><strong>rogationem</strong></span> <span class='ocrx_word' id='word_1_22' title='bbox 543 375 671 402; x_wconf 88' lang='lat' dir='ltr'><strong>suam</strong></span> <span class='ocrx_word' id='word_1_23' title='bbox 699 374 787 402; x_wconf 90' lang='lat' dir='ltr'><strong>non</strong></span> <span class='ocrx_word' id='word_1_24' title='bbox 814 362 1060 412; x_wconf 89' lang='lat' dir='ltr'><strong>aequitate</strong></span> <span class='ocrx_word' id='word_1_25' title='bbox 1086 364 1403 413; x_wconf 81' lang='lat' dir='ltr'><strong>persuaserit,</strong></span> <span class='ocrx_word' id='word_1_26' title='bbox 1429 366 1537 405; x_wconf 68' lang='lat' dir='ltr'><strong>rsed</strong></span> 
     </span>
     <span class='ocr_line' id='line_1_5' title="bbox 215 425 1536 476; baseline 0.003 -12"><span class='ocrx_word' id='word_1_27' title='bbox 215 426 362 465; x_wconf 88' lang='lat' dir='ltr'><strong>armis</strong></span> <span class='ocrx_word' id='word_1_28' title='bbox 391 425 707 465; x_wconf 85' lang='lat' dir='ltr'><strong>obtinuerit“.</strong></span> <span class='ocrx_word' id='word_1_29' title='bbox 748 425 971 466; x_wconf 89' lang='lat' dir='ltr'><strong>Accusabat</strong></span> <span class='ocrx_word' id='word_1_30' title='bbox 999 429 1131 466; x_wconf 90' lang='lat' dir='ltr'><strong>autem</strong></span> <span class='ocrx_word' id='word_1_31' title='bbox 1160 430 1300 476; x_wconf 89' lang='lat' dir='ltr'><strong>postea</strong></span> <span class='ocrx_word' id='word_1_32' title='bbox 1317 426 1370 467; x_wconf 90' lang='lat' dir='ltr'><strong>M.</strong></span> <span class='ocrx_word' id='word_1_33' title='bbox 1385 426 1536 468; x_wconf 89' lang='lat' dir='ltr'><strong>Tullius</strong></span> 
     </span>
     <span class='ocr_line' id='line_1_6' title="bbox 216 488 1535 538; baseline 0.002 -11"><span class='ocrx_word' id='word_1_34' title='bbox 216 488 481 528; x_wconf 83' lang='lat' dir='ltr'><strong>Albinovanus</strong></span> <span class='ocrx_word' id='word_1_35' title='bbox 504 489 718 538; x_wconf 83' lang='lat' dir='ltr'><strong>instigante</strong></span> <span class='ocrx_word' id='word_1_36' title='bbox 740 488 782 528; x_wconf 92' lang='lat' dir='ltr'><strong>P.</strong></span> <span class='ocrx_word' id='word_1_37' title='bbox 794 489 941 528; x_wconf 88' lang='lat' dir='ltr'><strong>Clodio.</strong></span> <span class='ocrx_word' id='word_1_38' title='bbox 962 488 1115 528; x_wconf 84' lang='lat' dir='ltr'><strong>Sestius</strong></span> <span class='ocrx_word' id='word_1_39' title='bbox 1129 489 1232 528; x_wconf 93' lang='lat' dir='ltr'><strong>enim</strong></span> <span class='ocrx_word' id='word_1_40' title='bbox 1244 492 1294 528; x_wconf 91' lang='lat' dir='ltr'><strong>tr.</strong></span> <span class='ocrx_word' id='word_1_41' title='bbox 1304 489 1356 538; x_wconf 91' lang='lat' dir='ltr'><strong>pl.</strong></span> <span class='ocrx_word' id='word_1_42' title='bbox 1368 501 1401 527; x_wconf 89' lang='lat' dir='ltr'><strong>a.</strong></span> <span class='ocrx_word' id='word_1_43' title='bbox 1413 501 1449 529; x_wconf 91' lang='lat' dir='ltr'><strong>u.</strong></span> <span class='ocrx_word' id='word_1_44' title='bbox 1461 494 1535 529; x_wconf 84' lang='grc'><strong>697</strong></span> 
     </span>
     <span class='ocr_line' id='line_1_7' title="bbox 215 551 1537 603; baseline 0.002 -14"><span class='ocrx_word' id='word_1_45' title='bbox 215 562 293 590; x_wconf 86' lang='lat' dir='ltr'><strong>una</strong></span> <span class='ocrx_word' id='word_1_46' title='bbox 322 562 409 590; x_wconf 85' lang='lat' dir='ltr'><strong>cum</strong></span> <span class='ocrx_word' id='word_1_47' title='bbox 440 551 480 590; x_wconf 88' lang='lat' dir='ltr'><strong>T.</strong></span> <span class='ocrx_word' id='word_1_48' title='bbox 501 552 629 592; x_wconf 89' lang='lat' dir='ltr'><strong>Annio</strong></span> <span class='ocrx_word' id='word_1_49' title='bbox 650 551 794 591; x_wconf 88' lang='lat' dir='ltr'><strong>Milone</strong></span> <span class='ocrx_word' id='word_1_50' title='bbox 822 551 981 592; x_wconf 88' lang='lat' dir='ltr'><strong>favebat</strong></span> <span class='ocrx_word' id='word_1_51' title='bbox 1010 551 1190 592; x_wconf 87' lang='lat' dir='ltr'><strong>Ciceroni</strong></span> <span class='ocrx_word' id='word_1_52' title='bbox 1216 553 1348 603; x_wconf 86' lang='lat' dir='ltr'><strong>patria</strong></span> <span class='ocrx_word' id='word_1_53' title='bbox 1374 553 1537 603; x_wconf 89' lang='lat' dir='ltr'><strong>expulso</strong></span> 
     </span>
     <span class='ocr_line' id='line_1_8' title="bbox 216 613 1537 665; baseline 0.002 -12"><span class='ocrx_word' id='word_1_54' title='bbox 216 626 240 653; x_wconf 88' lang='lat' dir='ltr'><strong>a</strong></span> <span class='ocrx_word' id='word_1_55' title='bbox 254 614 402 654; x_wconf 87' lang='lat' dir='ltr'><strong>Clodio.</strong></span> <span class='ocrx_word' id='word_1_56' title='bbox 433 615 507 661; x_wconf 87' lang='lat' dir='ltr'><strong>Qui</strong></span> <span class='ocrx_word' id='word_1_57' title='bbox 522 628 571 654; x_wconf 87' lang='lat' dir='ltr'><strong>ne</strong></span> <span class='ocrx_word' id='word_1_58' title='bbox 585 618 850 663; x_wconf 85' lang='lat' dir='ltr'><strong>revocaretur,</strong></span> <span class='ocrx_word' id='word_1_59' title='bbox 871 615 1034 655; x_wconf 87' lang='lat' dir='ltr'><strong>Clodius</strong></span> <span class='ocrx_word' id='word_1_60' title='bbox 1046 615 1288 665; x_wconf 83' lang='lat' dir='ltr'><strong>&#39;gladiatores</strong></span> <span class='ocrx_word' id='word_1_61' title='bbox 1301 613 1537 663; x_wconf 81' lang='lat' dir='ltr'><strong>armaverat,</strong></span> 
     </span>
     <span class='ocr_line' id='line_1_9' title="bbox 216 677 1538 728; baseline 0.002 -13"><span class='ocrx_word' id='word_1_62' title='bbox 216 689 429 728; x_wconf 85' lang='lat' dir='ltr'><strong>eorumque</strong></span> <span class='ocrx_word' id='word_1_63' title='bbox 466 690 586 728; x_wconf 87' lang='lat' dir='ltr'><strong>opera</strong></span> <span class='ocrx_word' id='word_1_64' title='bbox 622 678 858 718; x_wconf 87' lang='lat' dir='ltr'><strong>disturbavit</strong></span> <span class='ocrx_word' id='word_1_65' title='bbox 892 678 1129 725; x_wconf 88' lang='lat' dir='ltr'><strong>concionem,</strong></span> <span class='ocrx_word' id='word_1_66' title='bbox 1168 677 1230 718; x_wconf 91' lang='lat' dir='ltr'><strong>cui</strong></span> <span class='ocrx_word' id='word_1_67' title='bbox 1262 677 1306 725; x_wconf 91' lang='lat' dir='ltr'><strong>Q.</strong></span> <span class='ocrx_word' id='word_1_68' title='bbox 1333 677 1538 718; x_wconf 83' lang='lat' dir='ltr'><strong>Fabricius</strong></span> 
     </span>
     <span class='ocr_line' id='line_1_10' title="bbox 215 740 1538 791; baseline 0 -11"><span class='ocrx_word' id='word_1_69' title='bbox 215 741 397 780; x_wconf 85' lang='lat' dir='ltr'><strong>tribunus</strong></span> <span class='ocrx_word' id='word_1_70' title='bbox 418 742 664 791; x_wconf 83' lang='lat' dir='ltr'><strong>rogationem</strong></span> <span class='ocrx_word' id='word_1_71' title='bbox 693 743 742 781; x_wconf 90' lang='lat' dir='ltr'><strong>de</strong></span> <span class='ocrx_word' id='word_1_72' title='bbox 762 741 949 781; x_wconf 85' lang='lat' dir='ltr'><strong>Cicerone</strong></span> <span class='ocrx_word' id='word_1_73' title='bbox 977 742 1198 780; x_wconf 85' lang='lat' dir='ltr'><strong>revocando</strong></span> <span class='ocrx_word' id='word_1_74' title='bbox 1227 740 1538 780; x_wconf 84' lang='lat' dir='ltr'><strong>commendabat.</strong></span> 
     </span>
    </p>
   </div>
   <div class='ocr_carea' id='block_1_3' title="bbox 217 786 1613 853">
    <p class='ocr_par' dir='ltr' id='par_1_3' title="bbox 217 786 1613 853">
     <span class='ocr_line' id='line_1_11' title="bbox 217 786 1613 853; baseline 0.001 -12"><span class='ocrx_word' id='word_1_75' title='bbox 217 803 303 842; x_wconf 89' lang='lat' dir='ltr'><strong>Iam</strong></span> <span class='ocrx_word' id='word_1_76' title='bbox 340 807 380 842; x_wconf 90' lang='lat' dir='ltr'><strong>et</strong></span> <span class='ocrx_word' id='word_1_77' title='bbox 412 803 505 842; x_wconf 92' lang='lat' dir='ltr'><strong>Milo</strong></span> <span class='ocrx_word' id='word_1_78' title='bbox 542 808 583 843; x_wconf 87' lang='lat' dir='ltr'><strong>et</strong></span> <span class='ocrx_word' id='word_1_79' title='bbox 620 804 783 851; x_wconf 89' lang='lat' dir='ltr'><strong>Sestius,</strong></span> <span class='ocrx_word' id='word_1_80' title='bbox 825 807 870 844; x_wconf 90' lang='lat' dir='ltr'><strong>ut</strong></span> <span class='ocrx_word' id='word_1_81' title='bbox 907 805 986 843; x_wconf 81' lang='lat' dir='ltr'><strong>vim</strong></span> <span class='ocrx_word' id='word_1_82' title='bbox 1023 805 1062 843; x_wconf 89' lang='lat' dir='ltr'><strong>vi</strong></span> <span class='ocrx_word' id='word_1_83' title='bbox 1102 804 1349 853; x_wconf 86' lang='lat' dir='ltr'><strong>repellerent,</strong></span> <span class='ocrx_word' id='word_1_84' title='bbox 1387 807 1427 843; x_wconf 91' lang='lat' dir='ltr'><strong>et</strong></span> <span class='ocrx_word' id='word_1_85' title='bbox 1463 803 1540 853; x_wconf 87' lang='lat' dir='ltr'><strong>ipsi</strong></span> <span class='ocrx_word' id='word_1_86' title='bbox 1604 786 1613 795; x_wconf 50' lang='lat'><em>⁷</em></span> 
     </span>
    </p>
   </div>
   <div class='ocr_carea' id='block_1_4' title="bbox 190 866 1550 2549">
    <p class='ocr_par' dir='ltr' id='par_1_4' title="bbox 219 866 1540 979">
     <span class='ocr_line' id='line_1_12' title="bbox 219 866 1540 921; baseline 0.001 -16"><span class='ocrx_word' id='word_1_87' title='bbox 219 866 459 915; x_wconf 85' lang='lat' dir='ltr'><strong>gladiatores</strong></span> <span class='ocrx_word' id='word_1_88' title='bbox 485 873 737 907; x_wconf 89' lang='lat' dir='ltr'><strong>armaverunt</strong></span> <span class='ocrx_word' id='word_1_89' title='bbox 764 878 835 916; x_wconf 91' lang='lat' dir='ltr'><strong>per</strong></span> <span class='ocrx_word' id='word_1_90' title='bbox 862 877 1005 917; x_wconf 89' lang='lat' dir='ltr'><strong>eosque</strong></span> <span class='ocrx_word' id='word_1_91' title='bbox 1033 866 1161 906; x_wconf 92' lang='lat' dir='ltr'><strong>Clodii</strong></span> <span class='ocrx_word' id='word_1_92' title='bbox 1179 870 1357 921; x_wconf 14' lang='lat' dir='ltr'><strong>*conatus</strong></span> <span class='ocrx_word' id='word_1_93' title='bbox 1383 877 1540 916; x_wconf 88' lang='lat' dir='ltr'><strong>repres-</strong></span> 
     </span>
     <span class='ocr_line' id='line_1_13' title="bbox 220 928 1414 979; baseline 0.001 -13"><span class='ocrx_word' id='word_1_94' title='bbox 220 932 367 967; x_wconf 90' lang='lat' dir='ltr'><strong>serunt.</strong></span> <span class='ocrx_word' id='word_1_95' title='bbox 423 929 487 977; x_wconf 93' lang='lat' dir='ltr'><strong>(V.</strong></span> <span class='ocrx_word' id='word_1_96' title='bbox 515 929 632 967; x_wconf 89' lang='lat' dir='ltr'><strong>Halm</strong></span> <span class='ocrx_word' id='word_1_97' title='bbox 660 929 780 978; x_wconf 86' lang='lat' dir='ltr'><strong>praef.</strong></span> <span class='ocrx_word' id='word_1_98' title='bbox 809 930 860 969; x_wconf 89' lang='lat' dir='ltr'><strong>ad</strong></span> <span class='ocrx_word' id='word_1_99' title='bbox 889 941 942 968; x_wconf 90' lang='lat' dir='ltr'><strong>or.</strong></span> <span class='ocrx_word' id='word_1_100' title='bbox 971 941 1008 978; x_wconf 83' lang='lat' dir='ltr'><strong>p.</strong></span> <span class='ocrx_word' id='word_1_101' title='bbox 1038 928 1138 968; x_wconf 87' lang='lat' dir='ltr'><strong>Sest.</strong></span> <span class='ocrx_word' id='word_1_102' title='bbox 1167 929 1200 979; x_wconf 70' lang='grc' dir='ltr'><strong>ξ.</strong></span> <span class='ocrx_word' id='word_1_103' title='bbox 1225 933 1273 967; x_wconf 82' lang='grc'><strong>21</strong></span> <span class='ocrx_word' id='word_1_104' title='bbox 1305 930 1414 979; x_wconf 90' lang='lat' dir='ltr'><strong>seq.).</strong></span> 
     </span>
    </p>

    <p class='ocr_par' dir='ltr' id='par_1_5' title="bbox 323 991 1381 1041">
     <span class='ocr_line' id='line_1_14' title="bbox 323 991 1381 1041; baseline 0.001 -11"><span class='ocrx_word' id='word_1_105' title='bbox 323 991 383 1030; x_wconf 83' lang='lat' dir='ltr'><strong>Ex</strong></span> <span class='ocrx_word' id='word_1_106' title='bbox 410 992 496 1041; x_wconf 89' lang='lat' dir='ltr'><strong>ipsa</strong></span> <span class='ocrx_word' id='word_1_107' title='bbox 523 996 654 1031; x_wconf 86' lang='lat' dir='ltr'><strong>autem</strong></span> <span class='ocrx_word' id='word_1_108' title='bbox 684 993 861 1032; x_wconf 86' lang='lat' dir='ltr'><strong>oratione</strong></span> <span class='ocrx_word' id='word_1_109' title='bbox 887 993 983 1032; x_wconf 89' lang='lat' dir='ltr'><strong>haec</strong></span> <span class='ocrx_word' id='word_1_110' title='bbox 1012 992 1240 1033; x_wconf 89' lang='lat' dir='ltr'><strong>adnotanda</strong></span> <span class='ocrx_word' id='word_1_111' title='bbox 1267 995 1381 1041; x_wconf 91' lang='lat' dir='ltr'><strong>puto:</strong></span> 
     </span>
    </p>

    <p class='ocr_par' dir='ltr' id='par_1_6' title="bbox 345 1052 1543 1231">
     <span class='ocr_line' id='line_1_15' title="bbox 345 1052 1541 1104; baseline 0.002 -12"><span class='ocrx_word' id='word_1_112' title='bbox 345 1055 379 1103; x_wconf 63' lang='grc' dir='ltr'><strong>ξ.</strong></span> <span class='ocrx_word' id='word_1_113' title='bbox 410 1059 457 1093; x_wconf 87' lang='grc'><strong>78</strong></span> <span class='ocrx_word' id='word_1_114' title='bbox 485 1054 548 1093; x_wconf 92' lang='lat' dir='ltr'><strong>hic</strong></span> <span class='ocrx_word' id='word_1_115' title='bbox 567 1055 644 1093; x_wconf 91' lang='lat' dir='ltr'><strong>iam</strong></span> <span class='ocrx_word' id='word_1_116' title='bbox 674 1056 722 1093; x_wconf 87' lang='lat' dir='ltr'><strong>de</strong></span> <span class='ocrx_word' id='word_1_117' title='bbox 749 1055 835 1104; x_wconf 89' lang='lat' dir='ltr'><strong>ipso</strong></span> <span class='ocrx_word' id='word_1_118' title='bbox 862 1057 1089 1093; x_wconf 85' lang='lat' dir='ltr'><strong>accusatore</strong></span> <span class='ocrx_word' id='word_1_119' title='bbox 1116 1065 1273 1104; x_wconf 81' lang='lat' dir='ltr'><strong>quaero,</strong></span> <span class='ocrx_word' id='word_1_120' title='bbox 1303 1054 1369 1104; x_wconf 91' lang='lat' dir='ltr'><strong>qui</strong></span> <span class='ocrx_word' id='word_1_121' title='bbox 1387 1054 1428 1093; x_wconf 90' lang='lat' dir='ltr'><strong>P.</strong></span> <span class='ocrx_word' id='word_1_122' title='bbox 1449 1052 1541 1094; x_wconf 83' lang='lat' dir='ltr'><strong>Ses-</strong></span> 
     </span>
     <span class='ocr_line' id='line_1_16' title="bbox 435 1116 1543 1168; baseline 0 -12"><span class='ocrx_word' id='word_1_123' title='bbox 435 1117 534 1156; x_wconf 90' lang='lat' dir='ltr'><strong>tium</strong></span> <span class='ocrx_word' id='word_1_124' title='bbox 571 1118 747 1168; x_wconf 88' lang='lat' dir='ltr'><strong>queritur</strong></span> <span class='ocrx_word' id='word_1_125' title='bbox 783 1129 870 1157; x_wconf 89' lang='lat' dir='ltr'><strong>cum</strong></span> <span class='ocrx_word' id='word_1_126' title='bbox 911 1117 1165 1159; x_wconf 87' lang='lat' dir='ltr'><strong>multitudine</strong></span> <span class='ocrx_word' id='word_1_127' title='bbox 1202 1117 1243 1156; x_wconf 90' lang='lat' dir='ltr'><strong>in</strong></span> <span class='ocrx_word' id='word_1_128' title='bbox 1271 1116 1475 1157; x_wconf 89' lang='lat' dir='ltr'><strong>tribunatu</strong></span> <span class='ocrx_word' id='word_1_129' title='bbox 1502 1120 1543 1156; x_wconf 88' lang='lat' dir='ltr'><strong>et</strong></span> 
     </span>
     <span class='ocr_line' id='line_1_17' title="bbox 437 1182 1041 1231; baseline 0.004 -12"><span class='ocrx_word' id='word_1_130' title='bbox 437 1192 524 1220; x_wconf 92' lang='lat' dir='ltr'><strong>cum</strong></span> <span class='ocrx_word' id='word_1_131' title='bbox 553 1182 752 1231; x_wconf 89' lang='lat' dir='ltr'><strong>praesidio</strong></span> <span class='ocrx_word' id='word_1_132' title='bbox 779 1182 899 1222; x_wconf 90' lang='lat' dir='ltr'><strong>fuisse</strong></span> <span class='ocrx_word' id='word_1_133' title='bbox 925 1186 1041 1229; x_wconf 64' lang='lat' dir='ltr'><strong>cett„</strong></span> 
     </span>
    </p>

    <p class='ocr_par' dir='ltr' id='par_1_7' title="bbox 348 1244 1542 1355">
     <span class='ocr_line' id='line_1_18' title="bbox 348 1244 1542 1295; baseline 0.002 -13"><span class='ocrx_word' id='word_1_134' title='bbox 348 1245 380 1293; x_wconf 65' lang='grc' dir='ltr'><strong>ξ.</strong></span> <span class='ocrx_word' id='word_1_135' title='bbox 412 1247 458 1283; x_wconf 85' lang='grc'><strong>75</strong></span> <span class='ocrx_word' id='word_1_136' title='bbox 492 1244 675 1294; x_wconf 89' lang='lat' dir='ltr'><strong>princeps</strong></span> <span class='ocrx_word' id='word_1_137' title='bbox 712 1245 927 1294; x_wconf 87' lang='lat' dir='ltr'><strong>rogationis</strong></span> <span class='ocrx_word' id='word_1_138' title='bbox 966 1245 1035 1295; x_wconf 90' lang='lat' dir='ltr'><strong>(sc.</strong></span> <span class='ocrx_word' id='word_1_139' title='bbox 1073 1245 1124 1283; x_wconf 91' lang='lat' dir='ltr'><strong>de</strong></span> <span class='ocrx_word' id='word_1_140' title='bbox 1155 1244 1287 1284; x_wconf 88' lang='lat' dir='ltr'><strong>reditu</strong></span> <span class='ocrx_word' id='word_1_141' title='bbox 1325 1244 1542 1294; x_wconf 88' lang='lat' dir='ltr'><strong>Ciceronis)</strong></span> 
     </span>
     <span class='ocr_line' id='line_1_19' title="bbox 437 1307 1356 1355; baseline 0.002 -10"><span class='ocrx_word' id='word_1_142' title='bbox 437 1307 497 1345; x_wconf 90' lang='lat' dir='ltr'><strong>vir</strong></span> <span class='ocrx_word' id='word_1_143' title='bbox 524 1307 619 1345; x_wconf 91' lang='lat' dir='ltr'><strong>mihi</strong></span> <span class='ocrx_word' id='word_1_144' title='bbox 646 1308 918 1355; x_wconf 89' lang='lat' dir='ltr'><strong>amicissimus,</strong></span> <span class='ocrx_word' id='word_1_145' title='bbox 960 1309 1004 1355; x_wconf 87' lang='lat' dir='ltr'><strong>Q.</strong></span> <span class='ocrx_word' id='word_1_146' title='bbox 1031 1308 1237 1348; x_wconf 88' lang='lat' dir='ltr'><strong>Fabricius</strong></span> <span class='ocrx_word' id='word_1_147' title='bbox 1265 1310 1356 1347; x_wconf 88' lang='lat' dir='ltr'><strong>cett.</strong></span> 
     </span>
    </p>

    <p class='ocr_par' dir='ltr' id='par_1_8' title="bbox 347 1370 1151 1419">
     <span class='ocr_line' id='line_1_20' title="bbox 347 1370 1151 1419; baseline 0.002 -12"><span class='ocrx_word' id='word_1_148' title='bbox 347 1370 379 1417; x_wconf 65' lang='grc' dir='ltr'><strong>ξ.</strong></span> <span class='ocrx_word' id='word_1_149' title='bbox 410 1374 458 1408; x_wconf 86' lang='grc'><strong>77</strong></span> <span class='ocrx_word' id='word_1_150' title='bbox 491 1370 601 1419; x_wconf 91' lang='lat' dir='ltr'><strong>atqui</strong></span> <span class='ocrx_word' id='word_1_151' title='bbox 629 1371 688 1409; x_wconf 87' lang='lat' dir='ltr'><strong>vis</strong></span> <span class='ocrx_word' id='word_1_152' title='bbox 715 1372 754 1409; x_wconf 90' lang='lat' dir='ltr'><strong>in</strong></span> <span class='ocrx_word' id='word_1_153' title='bbox 783 1371 867 1409; x_wconf 90' lang='lat' dir='ltr'><strong>foro</strong></span> <span class='ocrx_word' id='word_1_154' title='bbox 895 1374 1052 1409; x_wconf 87' lang='lat' dir='ltr'><strong>versata</strong></span> <span class='ocrx_word' id='word_1_155' title='bbox 1080 1374 1151 1409; x_wconf 87' lang='lat' dir='ltr'><strong>est.</strong></span> 
     </span>
    </p>

    <p class='ocr_par' dir='ltr' id='par_1_9' title="bbox 349 1432 1543 1544">
     <span class='ocr_line' id='line_1_21' title="bbox 349 1432 1543 1481; baseline 0 -12"><span class='ocrx_word' id='word_1_156' title='bbox 349 1433 382 1480; x_wconf 62' lang='grc' dir='ltr'><strong>ξ.</strong></span> <span class='ocrx_word' id='word_1_157' title='bbox 413 1436 460 1469; x_wconf 86' lang='grc'><strong>78</strong></span> <span class='ocrx_word' id='word_1_158' title='bbox 490 1436 528 1470; x_wconf 91' lang='lat' dir='ltr'><strong>et</strong></span> <span class='ocrx_word' id='word_1_159' title='bbox 555 1444 642 1471; x_wconf 87' lang='lat' dir='ltr'><strong>cum</strong></span> <span class='ocrx_word' id='word_1_160' title='bbox 668 1433 799 1471; x_wconf 86' lang='lat' dir='ltr'><strong>omnia</strong></span> <span class='ocrx_word' id='word_1_161' title='bbox 826 1433 864 1471; x_wconf 90' lang='lat' dir='ltr'><strong>vi</strong></span> <span class='ocrx_word' id='word_1_162' title='bbox 892 1437 932 1471; x_wconf 89' lang='lat' dir='ltr'><strong>et</strong></span> <span class='ocrx_word' id='word_1_163' title='bbox 959 1434 1079 1471; x_wconf 88' lang='lat' dir='ltr'><strong>armis</strong></span> <span class='ocrx_word' id='word_1_164' title='bbox 1107 1432 1247 1481; x_wconf 89' lang='lat' dir='ltr'><strong>egeris,</strong></span> <span class='ocrx_word' id='word_1_165' title='bbox 1276 1442 1436 1471; x_wconf 89' lang='lat' dir='ltr'><strong>accuses</strong></span> <span class='ocrx_word' id='word_1_166' title='bbox 1455 1442 1543 1470; x_wconf 91' lang='lat' dir='ltr'><strong>eum</strong></span> 
     </span>
     <span class='ocr_line' id='line_1_22' title="bbox 438 1494 1023 1544; baseline 0 -12"><span class='ocrx_word' id='word_1_167' title='bbox 438 1494 504 1543; x_wconf 90' lang='lat' dir='ltr'><strong>qui</strong></span> <span class='ocrx_word' id='word_1_168' title='bbox 532 1506 572 1533; x_wconf 91' lang='lat' dir='ltr'><strong>se</strong></span> <span class='ocrx_word' id='word_1_169' title='bbox 601 1495 798 1544; x_wconf 88' lang='lat' dir='ltr'><strong>praesidio</strong></span> <span class='ocrx_word' id='word_1_170' title='bbox 826 1494 1023 1534; x_wconf 81' lang='lat' dir='ltr'><strong>mun-ierit.</strong></span> 
     </span>
    </p>

    <p class='ocr_par' dir='ltr' id='par_1_10' title="bbox 348 1555 1544 1796">
     <span class='ocr_line' id='line_1_23' title="bbox 348 1555 1543 1608; baseline -0.003 -13"><span class='ocrx_word' id='word_1_171' title='bbox 348 1557 381 1605; x_wconf 65' lang='grc' dir='ltr'><strong>ξ.</strong></span> <span class='ocrx_word' id='word_1_172' title='bbox 411 1561 459 1596; x_wconf 84' lang='lat'><strong>84</strong></span> <span class='ocrx_word' id='word_1_173' title='bbox 493 1557 683 1605; x_wconf 90' lang='lat' dir='ltr'><strong>homines,</strong></span> <span class='ocrx_word' id='word_1_174' title='bbox 704 1558 843 1608; x_wconf 86' lang='lat' dir='ltr'><strong>inquit,</strong></span> <span class='ocrx_word' id='word_1_175' title='bbox 864 1557 995 1597; x_wconf 88' lang='lat' dir='ltr'><strong>emisti</strong></span> <span class='ocrx_word' id='word_1_176' title='bbox 1015 1555 1180 1605; x_wconf 88' lang='lat' dir='ltr'><strong>coegisti</strong></span> <span class='ocrx_word' id='word_1_177' title='bbox 1198 1555 1363 1604; x_wconf 87' lang='lat' dir='ltr'><strong>parasti.</strong></span> <span class='ocrx_word' id='word_1_178' title='bbox 1409 1555 1543 1603; x_wconf 91' lang='lat' dir='ltr'><strong>Appa-</strong></span> 
     </span>
     <span class='ocr_line' id='line_1_24' title="bbox 438 1616 1544 1670; baseline -0.005 -11"><span class='ocrx_word' id='word_1_179' title='bbox 438 1624 498 1659; x_wconf 90' lang='lat' dir='ltr'><strong>ret</strong></span> <span class='ocrx_word' id='word_1_180' title='bbox 525 1622 648 1670; x_wconf 88' lang='lat' dir='ltr'><strong>igitur</strong></span> <span class='ocrx_word' id='word_1_181' title='bbox 668 1621 839 1661; x_wconf 87' lang='lat' dir='ltr'><strong>Sestium</strong></span> <span class='ocrx_word' id='word_1_182' title='bbox 868 1622 1096 1659; x_wconf 91' lang='lat' dir='ltr'><strong>accusatum</strong></span> <span class='ocrx_word' id='word_1_183' title='bbox 1115 1629 1215 1664; x_wconf 89' lang='lat' dir='ltr'><strong>esse,</strong></span> <span class='ocrx_word' id='word_1_184' title='bbox 1243 1617 1349 1667; x_wconf 92' lang='lat' dir='ltr'><strong>quod</strong></span> <span class='ocrx_word' id='word_1_185' title='bbox 1366 1616 1544 1655; x_wconf 89' lang='lat' dir='ltr'><strong>homines</strong></span> 
     </span>
     <span class='ocr_line' id='line_1_25' title="bbox 440 1679 1544 1735; baseline -0.005 -11"><span class='ocrx_word' id='word_1_186' title='bbox 440 1685 645 1735; x_wconf 88' lang='lat' dir='ltr'><strong>coegisset,</strong></span> <span class='ocrx_word' id='word_1_187' title='bbox 679 1696 844 1735; x_wconf 89' lang='lat' dir='ltr'><strong>quorum</strong></span> <span class='ocrx_word' id='word_1_188' title='bbox 882 1683 921 1722; x_wconf 93' lang='lat' dir='ltr'><strong>vi</strong></span> <span class='ocrx_word' id='word_1_189' title='bbox 957 1686 998 1722; x_wconf 89' lang='lat' dir='ltr'><strong>et</strong></span> <span class='ocrx_word' id='word_1_190' title='bbox 1031 1693 1151 1731; x_wconf 89' lang='lat' dir='ltr'><strong>opera</strong></span> <span class='ocrx_word' id='word_1_191' title='bbox 1177 1683 1358 1720; x_wconf 88' lang='lat' dir='ltr'><strong>uteretur</strong></span> <span class='ocrx_word' id='word_1_192' title='bbox 1384 1679 1424 1719; x_wconf 93' lang='lat' dir='ltr'><strong>in</strong></span> <span class='ocrx_word' id='word_1_193' title='bbox 1451 1690 1544 1729; x_wconf 88' lang='lat' dir='ltr'><strong>per-</strong></span> 
     </span>
     <span class='ocr_line' id='line_1_26' title="bbox 438 1743 1309 1796; baseline -0.005 -12"><span class='ocrx_word' id='word_1_194' title='bbox 438 1746 603 1786; x_wconf 87' lang='lat' dir='ltr'><strong>ferenda</strong></span> <span class='ocrx_word' id='word_1_195' title='bbox 629 1748 832 1796; x_wconf 88' lang='lat' dir='ltr'><strong>rogatione</strong></span> <span class='ocrx_word' id='word_1_196' title='bbox 862 1747 911 1785; x_wconf 90' lang='lat' dir='ltr'><strong>de</strong></span> <span class='ocrx_word' id='word_1_197' title='bbox 939 1746 1071 1784; x_wconf 89' lang='lat' dir='ltr'><strong>reditu</strong></span> <span class='ocrx_word' id='word_1_198' title='bbox 1099 1743 1309 1782; x_wconf 89' lang='lat' dir='ltr'><strong>Ciceronis.</strong></span> 
     </span>
    </p>

    <p class='ocr_par' dir='ltr' id='par_1_11' title="bbox 190 1803 1550 2549">
     <span class='ocr_line' id='line_1_27' title="bbox 331 1803 1545 1853; baseline -0.005 -6"><span class='ocrx_word' id='word_1_199' title='bbox 331 1808 471 1848; x_wconf 86' lang='lat' dir='ltr'><strong>Restat</strong></span> <span class='ocrx_word' id='word_1_200' title='bbox 498 1809 550 1849; x_wconf 91' lang='lat' dir='ltr'><strong>M.</strong></span> <span class='ocrx_word' id='word_1_201' title='bbox 570 1810 727 1849; x_wconf 89' lang='lat' dir='ltr'><strong>Caelius</strong></span> <span class='ocrx_word' id='word_1_202' title='bbox 755 1811 963 1848; x_wconf 88' lang='lat' dir='ltr'><strong>accusatus</strong></span> <span class='ocrx_word' id='word_1_203' title='bbox 987 1819 1022 1846; x_wconf 90' lang='lat' dir='ltr'><strong>a.</strong></span> <span class='ocrx_word' id='word_1_204' title='bbox 1046 1819 1082 1845; x_wconf 95' lang='lat' dir='ltr'><strong>u.</strong></span> <span class='ocrx_word' id='word_1_205' title='bbox 1113 1809 1187 1844; x_wconf 85' lang='grc'><strong>698</strong></span> <span class='ocrx_word' id='word_1_206' title='bbox 1208 1816 1233 1843; x_wconf 92' lang='lat' dir='ltr'><strong>a</strong></span> <span class='ocrx_word' id='word_1_207' title='bbox 1249 1804 1293 1843; x_wconf 93' lang='lat' dir='ltr'><strong>L.</strong></span> <span class='ocrx_word' id='word_1_208' title='bbox 1315 1803 1545 1853; x_wconf 87' lang='lat' dir='ltr'><strong>Sempronio</strong></span> 
     </span>
     <span class='ocr_line' id='line_1_28' title="bbox 225 1866 1544 1918; baseline -0.005 -9"><span class='ocrx_word' id='word_1_209' title='bbox 225 1871 422 1918; x_wconf 87' lang='lat' dir='ltr'><strong>Atratino,</strong></span> <span class='ocrx_word' id='word_1_210' title='bbox 462 1873 647 1911; x_wconf 89' lang='lat' dir='ltr'><strong>defensus</strong></span> <span class='ocrx_word' id='word_1_211' title='bbox 684 1884 707 1910; x_wconf 86' lang='lat' dir='ltr'><strong>a</strong></span> <span class='ocrx_word' id='word_1_212' title='bbox 741 1872 939 1911; x_wconf 87' lang='lat' dir='ltr'><strong>Cicerone.</strong></span> <span class='ocrx_word' id='word_1_213' title='bbox 993 1871 1053 1908; x_wconf 92' lang='lat' dir='ltr'><strong>De</strong></span> <span class='ocrx_word' id='word_1_214' title='bbox 1081 1880 1127 1908; x_wconf 91' lang='lat' dir='ltr'><strong>eo</strong></span> <span class='ocrx_word' id='word_1_215' title='bbox 1155 1868 1293 1907; x_wconf 92' lang='lat' dir='ltr'><strong>Cicero</strong></span> <span class='ocrx_word' id='word_1_216' title='bbox 1321 1866 1406 1915; x_wconf 89' lang='lat' dir='ltr'><strong>ipse</strong></span> <span class='ocrx_word' id='word_1_217' title='bbox 1433 1867 1466 1916; x_wconf 69' lang='grc' dir='ltr'><strong>ξ.</strong></span> <span class='ocrx_word' id='word_1_218' title='bbox 1497 1870 1544 1904; x_wconf 83' lang='lat'><strong>72</strong></span> 
     </span>
     <span class='ocr_line' id='line_1_29' title="bbox 224 1928 1545 1982; baseline -0.005 -9"><span class='ocrx_word' id='word_1_219' title='bbox 224 1934 321 1973; x_wconf 92' lang='lat' dir='ltr'><strong>haec</strong></span> <span class='ocrx_word' id='word_1_220' title='bbox 349 1935 422 1974; x_wconf 92' lang='lat' dir='ltr'><strong>ait:</strong></span> <span class='ocrx_word' id='word_1_221' title='bbox 460 1934 537 1982; x_wconf 88' lang='lat' dir='ltr'><strong>„M.</strong></span> <span class='ocrx_word' id='word_1_222' title='bbox 570 1946 661 1973; x_wconf 90' lang='lat' dir='ltr'><strong>vero</strong></span> <span class='ocrx_word' id='word_1_223' title='bbox 691 1935 845 1974; x_wconf 89' lang='lat' dir='ltr'><strong>Caelius</strong></span> <span class='ocrx_word' id='word_1_224' title='bbox 873 1946 942 1973; x_wconf 90' lang='lat' dir='ltr'><strong>cur</strong></span> <span class='ocrx_word' id='word_1_225' title='bbox 971 1934 1010 1972; x_wconf 88' lang='lat' dir='ltr'><strong>in</strong></span> <span class='ocrx_word' id='word_1_226' title='bbox 1037 1933 1111 1972; x_wconf 91' lang='lat' dir='ltr'><strong>hoc</strong></span> <span class='ocrx_word' id='word_1_227' title='bbox 1138 1930 1327 1970; x_wconf 90' lang='lat' dir='ltr'><strong>iudicium</strong></span> <span class='ocrx_word' id='word_1_228' title='bbox 1358 1928 1545 1968; x_wconf 83' lang='lat' dir='ltr'><strong>vocatur?</strong></span> 
     </span>
     <span class='ocr_line' id='line_1_30' title="bbox 226 1990 1545 2048; baseline -0.005 -13"><span class='ocrx_word' id='word_1_229' title='bbox 226 1997 289 2036; x_wconf 92' lang='lat' dir='ltr'><strong>cui</strong></span> <span class='ocrx_word' id='word_1_230' title='bbox 307 2009 433 2046; x_wconf 91' lang='lat' dir='ltr'><strong>neque</strong></span> <span class='ocrx_word' id='word_1_231' title='bbox 459 1999 662 2047; x_wconf 89' lang='lat' dir='ltr'><strong>proprium</strong></span> <span class='ocrx_word' id='word_1_232' title='bbox 682 1997 923 2048; x_wconf 87' lang='lat' dir='ltr'><strong>quaestionis</strong></span> <span class='ocrx_word' id='word_1_233' title='bbox 951 1996 1098 2035; x_wconf 89' lang='lat' dir='ltr'><strong>crimen</strong></span> <span class='ocrx_word' id='word_1_234' title='bbox 1122 1994 1315 2033; x_wconf 85' lang='lat' dir='ltr'><strong>obicitur“</strong></span> <span class='ocrx_word' id='word_1_235' title='bbox 1335 1994 1426 2030; x_wconf 90' lang='lat' dir='ltr'><strong>cett.</strong></span> <span class='ocrx_word' id='word_1_236' title='bbox 1464 1990 1545 2029; x_wconf 90' lang='lat' dir='ltr'><strong>Va-</strong></span> 
     </span>
     <span class='ocr_line' id='line_1_31' title="bbox 225 2052 1547 2108; baseline -0.005 -9"><span class='ocrx_word' id='word_1_237' title='bbox 225 2060 305 2100; x_wconf 89' lang='lat' dir='ltr'><strong>lere</strong></span> <span class='ocrx_word' id='word_1_238' title='bbox 333 2067 465 2100; x_wconf 89' lang='lat' dir='ltr'><strong>tamen</strong></span> <span class='ocrx_word' id='word_1_239' title='bbox 492 2062 590 2101; x_wconf 90' lang='lat' dir='ltr'><strong>haec</strong></span> <span class='ocrx_word' id='word_1_240' title='bbox 617 2062 667 2101; x_wconf 89' lang='lat' dir='ltr'><strong>de</strong></span> <span class='ocrx_word' id='word_1_241' title='bbox 694 2062 742 2101; x_wconf 89' lang='lat' dir='ltr'><strong>iis</strong></span> <span class='ocrx_word' id='word_1_242' title='bbox 776 2063 944 2106; x_wconf 90' lang='lat' dir='ltr'><strong>tantum,</strong></span> <span class='ocrx_word' id='word_1_243' title='bbox 982 2069 1081 2108; x_wconf 87' lang='lat' dir='ltr'><strong>quae</strong></span> <span class='ocrx_word' id='word_1_244' title='bbox 1107 2068 1131 2096; x_wconf 94' lang='lat' dir='ltr'><strong>a</strong></span> <span class='ocrx_word' id='word_1_245' title='bbox 1159 2056 1350 2097; x_wconf 88' lang='lat' dir='ltr'><strong>Cicerone</strong></span> <span class='ocrx_word' id='word_1_246' title='bbox 1385 2052 1547 2093; x_wconf 81' lang='lat' dir='ltr'><strong>defensa</strong></span> 
     </span>
     <span class='ocr_line' id='line_1_32' title="bbox 227 2118 1547 2174; baseline -0.005 -12"><span class='ocrx_word' id='word_1_247' title='bbox 227 2128 331 2170; x_wconf 88' lang='lat' dir='ltr'><strong>sunt,</strong></span> <span class='ocrx_word' id='word_1_248' title='bbox 360 2136 406 2163; x_wconf 88' lang='lat' dir='ltr'><strong>ac</strong></span> <span class='ocrx_word' id='word_1_249' title='bbox 433 2136 481 2163; x_wconf 91' lang='lat' dir='ltr'><strong>ne</strong></span> <span class='ocrx_word' id='word_1_250' title='bbox 510 2126 559 2164; x_wconf 91' lang='lat' dir='ltr'><strong>de</strong></span> <span class='ocrx_word' id='word_1_251' title='bbox 586 2125 647 2164; x_wconf 89' lang='lat' dir='ltr'><strong>his</strong></span> <span class='ocrx_word' id='word_1_252' title='bbox 675 2125 833 2174; x_wconf 89' lang='lat' dir='ltr'><strong>quidem</strong></span> <span class='ocrx_word' id='word_1_253' title='bbox 861 2124 1030 2169; x_wconf 90' lang='lat' dir='ltr'><strong>omnino,</strong></span> <span class='ocrx_word' id='word_1_254' title='bbox 1060 2121 1325 2169; x_wconf 83' lang='lat' dir='ltr'><strong>Quintilianus</strong></span> <span class='ocrx_word' id='word_1_255' title='bbox 1351 2118 1547 2168; x_wconf 89' lang='lat' dir='ltr'><strong>significat</strong></span> 
     </span>
     <span class='ocr_line' id='line_1_33' title="bbox 227 2182 1548 2236; baseline -0.005 -10"><span class='ocrx_word' id='word_1_256' title='bbox 227 2187 317 2226; x_wconf 87' lang='lat' dir='ltr'><strong>inst.</strong></span> <span class='ocrx_word' id='word_1_257' title='bbox 338 2199 393 2226; x_wconf 88' lang='lat' dir='ltr'><strong>or.</strong></span> <span class='ocrx_word' id='word_1_258' title='bbox 413 2188 481 2235; x_wconf 87' lang='lat' dir='ltr'><strong>IV,</strong></span> <span class='ocrx_word' id='word_1_259' title='bbox 504 2193 538 2236; x_wconf 82' lang='lat'><strong>2,</strong></span> <span class='ocrx_word' id='word_1_260' title='bbox 560 2194 608 2228; x_wconf 84' lang='lat'><strong>27</strong></span> <span class='ocrx_word' id='word_1_261' title='bbox 638 2191 708 2236; x_wconf 84' lang='lat' dir='ltr'><strong>„ut</strong></span> <span class='ocrx_word' id='word_1_262' title='bbox 736 2188 769 2227; x_wconf 86' lang='lat' dir='ltr'><strong>si</strong></span> <span class='ocrx_word' id='word_1_263' title='bbox 792 2185 1063 2227; x_wconf 85' lang='lat' dir='ltr'><strong>defendendus</strong></span> <span class='ocrx_word' id='word_1_264' title='bbox 1083 2184 1133 2224; x_wconf 91' lang='lat' dir='ltr'><strong>sit</strong></span> <span class='ocrx_word' id='word_1_265' title='bbox 1153 2183 1203 2222; x_wconf 95' lang='lat' dir='ltr'><strong>M.</strong></span> <span class='ocrx_word' id='word_1_266' title='bbox 1224 2182 1392 2229; x_wconf 85' lang='lat' dir='ltr'><strong>Caelius,</strong></span> <span class='ocrx_word' id='word_1_267' title='bbox 1420 2191 1548 2220; x_wconf 85' lang='lat' dir='ltr'><strong>nonne</strong></span> 
     </span>
     <span class='ocr_line' id='line_1_34' title="bbox 226 2245 1546 2299; baseline -0.005 -11"><span class='ocrx_word' id='word_1_268' title='bbox 226 2250 375 2299; x_wconf 88' lang='lat' dir='ltr'><strong>optime</strong></span> <span class='ocrx_word' id='word_1_269' title='bbox 411 2254 602 2299; x_wconf 88' lang='lat' dir='ltr'><strong>patronus</strong></span> <span class='ocrx_word' id='word_1_270' title='bbox 639 2254 819 2290; x_wconf 89' lang='lat' dir='ltr'><strong>occurrat</strong></span> <span class='ocrx_word' id='word_1_271' title='bbox 855 2249 966 2299; x_wconf 89' lang='lat' dir='ltr'><strong>prius</strong></span> <span class='ocrx_word' id='word_1_272' title='bbox 1003 2247 1188 2288; x_wconf 87' lang='lat' dir='ltr'><strong>conviciis</strong></span> <span class='ocrx_word' id='word_1_273' title='bbox 1223 2245 1400 2285; x_wconf 88' lang='lat' dir='ltr'><strong>luxuriae</strong></span> <span class='ocrx_word' id='word_1_274' title='bbox 1430 2246 1546 2294; x_wconf 86' lang='lat' dir='ltr'><strong>petu-</strong></span> 
     </span>
     <span class='ocr_line' id='line_1_35' title="bbox 227 2304 1548 2364; baseline -0.007 -11"><span class='ocrx_word' id='word_1_275' title='bbox 227 2315 374 2354; x_wconf 81' lang='lat' dir='ltr'><strong>lantiae</strong></span> <span class='ocrx_word' id='word_1_276' title='bbox 401 2315 685 2364; x_wconf 81' lang='lat' dir='ltr'><strong>impudicitiae,</strong></span> <span class='ocrx_word' id='word_1_277' title='bbox 714 2326 831 2364; x_wconf 90' lang='lat' dir='ltr'><strong>quam</strong></span> <span class='ocrx_word' id='word_1_278' title='bbox 859 2311 1046 2358; x_wconf 85' lang='lat' dir='ltr'><strong>veneficii,</strong></span> <span class='ocrx_word' id='word_1_279' title='bbox 1075 2310 1114 2350; x_wconf 90' lang='lat' dir='ltr'><strong>in</strong></span> <span class='ocrx_word' id='word_1_280' title='bbox 1143 2308 1284 2360; x_wconf 86' lang='lat' dir='ltr'><strong>quibus</strong></span> <span class='ocrx_word' id='word_1_281' title='bbox 1309 2307 1402 2347; x_wconf 87' lang='lat' dir='ltr'><strong>solis</strong></span> <span class='ocrx_word' id='word_1_282' title='bbox 1421 2304 1548 2345; x_wconf 85' lang='lat' dir='ltr'><strong>omnis</strong></span> 
     </span>
     <span class='ocr_line' id='line_1_36' title="bbox 229 2368 1550 2424; baseline -0.008 -6"><span class='ocrx_word' id='word_1_283' title='bbox 229 2379 429 2418; x_wconf 90' lang='lat' dir='ltr'><strong>Ciceronis</strong></span> <span class='ocrx_word' id='word_1_284' title='bbox 457 2381 637 2418; x_wconf 89' lang='lat' dir='ltr'><strong>versatur</strong></span> <span class='ocrx_word' id='word_1_285' title='bbox 664 2377 807 2424; x_wconf 89' lang='lat' dir='ltr'><strong>oratio;</strong></span> <span class='ocrx_word' id='word_1_286' title='bbox 837 2380 922 2415; x_wconf 91' lang='lat' dir='ltr'><strong>tum</strong></span> <span class='ocrx_word' id='word_1_287' title='bbox 951 2374 1094 2414; x_wconf 87' lang='lat' dir='ltr'><strong>deinde</strong></span> <span class='ocrx_word' id='word_1_288' title='bbox 1128 2395 1175 2400; x_wconf 90' lang='lat'><strong>--</strong></span> <span class='ocrx_word' id='word_1_289' title='bbox 1202 2374 1405 2420; x_wconf 90' lang='lat' dir='ltr'><strong>totamque</strong></span> <span class='ocrx_word' id='word_1_290' title='bbox 1433 2370 1483 2408; x_wconf 89' lang='lat' dir='ltr'><strong>de</strong></span> <span class='ocrx_word' id='word_1_291' title='bbox 1509 2368 1550 2407; x_wconf 83' lang='lat' dir='ltr'><strong>vi</strong></span> 
     </span>
     <span class='ocr_line' id='line_1_37' title="bbox 190 2433 1547 2491; baseline -0.01 -10"><span class='ocrx_word' id='word_1_292' title='bbox 190 2472 192 2474; x_wconf 28' lang='grc' dir='ltr'>ψ</span> <span class='ocrx_word' id='word_1_293' title='bbox 230 2442 398 2491; x_wconf 86' lang='lat' dir='ltr'><strong>explicet</strong></span> <span class='ocrx_word' id='word_1_294' title='bbox 438 2445 633 2480; x_wconf 82' lang='lat' dir='ltr'><strong>causa1n“.</strong></span> <span class='ocrx_word' id='word_1_295' title='bbox 701 2440 876 2480; x_wconf 89' lang='lat' dir='ltr'><strong>Crimina</strong></span> <span class='ocrx_word' id='word_1_296' title='bbox 916 2441 1049 2477; x_wconf 89' lang='lat' dir='ltr'><strong>autem</strong></span> <span class='ocrx_word' id='word_1_297' title='bbox 1086 2436 1165 2474; x_wconf 88' lang='lat' dir='ltr'><strong>duo</strong></span> <span class='ocrx_word' id='word_1_298' title='bbox 1202 2433 1451 2483; x_wconf 87' lang='lat' dir='ltr'><strong>potissimum</strong></span> <span class='ocrx_word' id='word_1_299' title='bbox 1484 2440 1547 2468; x_wconf 86' lang='lat' dir='ltr'><strong>re-</strong></span> 
     </span>
     <span class='ocr_line' id='line_1_38' title="bbox 229 2505 702 2549; baseline -0.004 -5"><span class='ocrx_word' id='word_1_300' title='bbox 229 2506 364 2546; x_wconf 80' lang='lat' dir='ltr'><strong>fellere</strong></span> <span class='ocrx_word' id='word_1_301' title='bbox 392 2506 526 2545; x_wconf 85' lang='lat' dir='ltr'><strong>studet</strong></span> <span class='ocrx_word' id='word_1_302' title='bbox 555 2505 702 2549; x_wconf 88' lang='lat' dir='ltr'><strong>Cicer0,</strong></span> 
     </span>
    </p>
   </div>
  </div>
 </body>
</html>
