1712 2841
1481 106 1534 150 11

336 242 367 277 1.
421 237 561 277 veneni
587 235 754 287 quaesiti
789 236 893 286 quod
921 235 1082 276 Clodiae
1116 236 1279 275 daretur
1315 235 1366 285 (ξ.
1396 233 1463 283 30)
1500 235 1541 272 et

334 306 367 340 2.
421 300 509 339 auri
535 299 694 349 sumpti,
723 298 828 348 quod
854 299 897 337 L.
918 298 1062 338 Luccei
1090 299 1212 338 servis
1231 297 1387 338 Caelius
1414 297 1540 342 daret,

228 375 327 414 „per
344 374 441 413 quos
453 360 741 401 Alexandrinus
758 360 834 400 Dio
852 364 1069 409 necaretur,
1090 373 1275 411 magnum
1294 360 1451 406 crimen,
1479 358 1542 398 vel

223 422 277 467 ’111-
306 425 499 476 legatis
536 423 879 465 insidiandis“
906 427 998 463 cett.
1028 424 1078 475 (ξ.
1108 425 1186 474 51).
1241 423 1450 462 Praeterea
1477 433 1541 460 ar-

223 488 400 541 guebant
418 490 639 527 senatorem
651 481 684 526 va
695 487 827 526 Caelio
841 486 1054 537 pontificiis
1075 487 1245 526 comitiis
1255 486 1543 535 pulsatumesse

228 552 280 603 (ξ.
299 553 375 602 19).
411 548 495 591 Hoc
514 554 646 591 tamen
665 553 706 590 et
724 561 822 601 quae
842 553 1057 600 sequuntur
1076 548 1336 600 paragraphis
1355 546 1542 597 proximis

227 614 503 653 cumulationis
521 616 563 653 et
581 613 750 653 invidiae
773 625 891 653 causa
918 625 942 652 a
967 613 1071 663 lege
1099 613 1316 653 seiuncta
1336 610 1400 661 (cf.
1420 613 1451 661 ξ.
1474 611 1540 660 72)

226 677 275 717 ab
294 680 522 717 accusatore
540 676 725 717 videntur
751 687 838 716 esse
856 676 1005 716 addita.
1049 675 1185 725 Neque
1204 686 1297 714 vero
1315 673 1544 713 veneficium

225 740 322 780 illud
350 752 438 779 cum
470 750 588 778 causa
616 751 661 779 ac
688 739 774 789 lege
793 740 1001 779 cohaerere
1028 743 1141 789 put0;
1170 742 1276 777 certe
1298 737 1464 776 obscura
1481 739 1543 776 est

222 813 298 850 res,
333 806 376 841 ut
403 805 517 841 caute
536 801 668 849 facias,
698 802 731 841 si
750 802 845 841 nihil
865 802 956 841 inde
983 802 1032 840 de
1052 805 1284 850 argumento
1309 799 1408 848 legis
1436 799 1486 837 de
1504 797 1543 837 vi

224 877 361 905 eruere
390 865 551 905 coneris
598 865 738 904 Restat
756 865 877 914 igitur
896 865 1016 904 solius
1034 864 1171 904 Dionis
1190 863 1541 903 Alexandrinorum

224 927 348 976 legati
375 938 503 967 causa.

326 990 522 1030 Defensus
560 993 621 1029 est
651 993 783 1029 autem
812 990 967 1030 Caelius
994 994 1155 1040 praeter
1182 990 1410 1029 Ciceronem
1438 999 1462 1027 a
1488 986 1540 1026 M.

224 1052 378 1099 Crasso,
408 1055 453 1091 ut
479 1052 535 1091 ait
563 1052 711 1098 Cicero,
741 1053 791 1091 de
820 1053 1155 1107 seditionibus
1182 1050 1541 1101 Neapolitanis,

224 1115 278 1154 de
291 1115 719 1155 Alexandrinorum
738 1115 1313 1165 pulsationePuteolana,
1335 1114 1393 1153 de
1411 1112 1543 1152 bonis

222 1177 399 1217 Pallae
436 1179 487 1228 (ξ.
526 1180 605 1229 23).
669 1178 890 1218 Seditiones
917 1179 1201 1229 Neopolitanae
1233 1178 1367 1228 quales
1396 1176 1544 1216 fuerint

221 1241 458 1291 ignoramus,
486 1242 657 1291 itemque
685 1241 815 1281 Pallae
843 1254 960 1282 causa
987 1242 1101 1292 plane
1129 1242 1264 1291 ignota
1292 1244 1362 1280 est.
1410 1240 1542 1286 Quare

221 1304 283 1342 his
310 1307 355 1343 ut
381 1305 543 1343 incertis
570 1305 724 1344 omissis
752 1306 810 1344 vis
838 1306 959 1344 Caelii
987 1306 1113 1355 qualis
1141 1305 1270 1351 fuerit,
1301 1317 1348 1343 ex
1376 1304 1439 1343 his
1470 1315 1543 1351 po·

222 1366 419 1405 tissimum
449 1368 631 1417 cognosci
657 1371 771 1416 puto:

329 1434 361 1466 1.
415 1429 520 1478 quod
538 1429 613 1468 Dio
633 1430 985 1470 Alexandrinorum
1013 1430 1168 1479 legatus
1195 1442 1265 1479 per
1292 1440 1425 1469 servos
1445 1439 1542 1466 auro

224 1494 430 1539 corruptos
458 1491 716 1531 trucidandus
743 1492 963 1538 curabatur,

328 1557 361 1592 2.
390 1554 495 1603 quod
508 1554 860 1593 Alexandrinorum
875 1554 996 1605 legati
1010 1554 1156 1604 pulsati
1171 1557 1295 1593 erant.
1319 1554 1421 1594 Nam
1437 1554 1541 1603 quod

223 1615 415 1655 Catilinae
431 1616 677 1656 familiaritas
692 1616 844 1656 obiecta
862 1621 947 1657 erat
962 1617 1105 1665 Caelio,
1126 1617 1167 1656 id
1183 1629 1260 1657 non
1278 1621 1360 1656 tam
1379 1628 1541 1657 accusa-

222 1678 340 1718 tionis
354 1691 471 1729 quam
490 1680 659 1719 invidiae
679 1681 969 1720 causa-videtur
983 1681 1133 1720 dictum
1149 1692 1235 1720 esse
1256 1680 1318 1730 (cf.
1336 1681 1370 1732 ξ.
1386 1685 1446 1720 10.
1464 1680 1539 1730 15).

326 1742 412 1781 Iam
456 1746 568 1792 patet
613 1744 661 1782 iis
706 1755 802 1793 quas
847 1744 945 1782 satis
989 1744 1169 1783 novimus
1214 1743 1539 1789 accusationibus,

224 1803 311 1843 dico
340 1808 473 1844 autem
502 1816 640 1845 causas
667 1805 754 1845 illas
781 1806 932 1855 priores
960 1806 1059 1845 duas
1087 1819 1111 1845 a
1135 1806 1321 1845 Cicerone
1349 1804 1540 1852 defensas,

222 1870 428 1915 praeterea
474 1879 520 1906 ea
560 1880 660 1918 quae
699 1880 736 1917 p.
767 1873 788 1907 7
834 1870 1006 1908 secundo
1047 1872 1088 1907 et
1132 1872 1242 1908 sexto
1287 1869 1371 1907 loco
1411 1868 1537 1914 attuli,

223 1928 265 1968 id
299 1941 385 1969 esse
422 1941 637 1978 commune,
669 1931 774 1981 quod
801 1931 977 1971 homines
1004 1932 1236 1971 dicebantur
1262 1932 1313 1971 ad
1339 1932 1417 1971 vim
1445 1930 1540 1970 faci-

223 1992 365 2030 endam
402 1994 632 2042 comparati.
687 1994 816 2033 Testis
849 2000 909 2033 est
937 2005 1057 2033 causa
1085 1995 1266 2034 Sestiana
1293 1997 1388 2040 tota,
1425 2005 1539 2042 prae-

223 2057 333 2093 terea
368 2054 551 2095 Sullanae
588 2055 664 2095 loci
703 2056 874 2107 plurimi,
920 2057 1042 2096 veluti
1082 2059 1116 2108 ξ.
1148 2063 1207 2097 54.
1247 2063 1295 2097 62
1336 2068 1440 2107 seqq.
1477 2061 1537 2096 68.

225 2117 354 2163 Quare
396 2130 472 2157 non
512 2121 734 2158 metuemus
773 2119 912 2168 opinor
947 2121 1185 2159 temeritatis
1226 2120 1467 2170 opprobium,
1505 2119 1539 2158 si

223 2179 302 2218 vim
327 2179 435 2219 illam
463 2191 549 2220 eam
578 2181 820 2230 definiamus,
849 2194 949 2232 quae
976 2194 1047 2232 per
1074 2195 1214 2223 manus
1240 2187 1280 2223 et
1307 2182 1444 2222 turbas
1472 2194 1537 2222 co-

224 2246 335 2282 actas
363 2243 657 2293 concitatasque
683 2244 794 2283 illata
822 2245 884 2283 sit.
938 2245 1070 2285 Armis
1098 2258 1190 2285 vero
1217 2257 1298 2284 rem
1318 2245 1402 2294 geri
1418 2257 1536 2294 opor-

223 2305 347 2345 tuisse
383 2304 496 2346 facile
532 2307 702 2347 conicias
738 2318 785 2346 ex
820 2307 999 2357 plurimis
1036 2308 1238 2348 Sestianae
1269 2308 1376 2355 locis,
1405 2311 1537 2347 tamen

222 2371 269 2407 ut
308 2370 501 2409 concedas
540 2382 651 2409 arma
690 2370 866 2419 intellegi
901 2371 1043 2410 debere
1078 2384 1154 2410 non
1187 2371 1338 2420 gladios
1369 2374 1535 2417 tantum,

166 2484 168 2488 .
224 2431 295 2469 sed
330 2432 521 2481 quidquid
556 2444 697 2472 nocere
724 2433 872 2472 homini
898 2433 1024 2482 possit
1052 2434 1158 2482 (Dig.
1188 2438 1249 2479 48,
1280 2438 1314 2479 6,
1344 2437 1383 2479 93
1426 2432 1534 2472 Paul.

225 2497 323 2533 sent.
366 2505 444 2533 rec.
488 2499 524 2542 5,
557 2500 628 2544 726,
659 2496 713 2545 3).
776 2495 858 2534 Nec
896 2495 1039 2542 obstat,
1081 2496 1185 2546 quod
1226 2496 1264 2536 in
1293 2495 1537 2544 digestorum
