1712 2841
286 528 290 533 ,
330 487 368 529 I.
415 487 553 539 Leges
576 488 631 529 de
656 488 703 528 vi
729 490 836 540 quot
861 488 1033 531 fuerint
1058 491 1160 531 ante
1186 503 1226 532 a.
1255 503 1298 549 u,
1325 492 1415 534 702.

321 575 463 652 Leges
497 604 545 642 de
577 603 616 642 vi
650 606 742 642 ante
778 602 1004 652 Pompeiam
1038 604 1164 654 legem
1200 606 1305 645 anni·
1326 618 1363 645 u.
1391 617 1421 645 c.
1453 612 1526 646 702

216 665 338 705 fuisse
391 665 576 720 dicuntur
628 664 745 714 vulgo
797 666 916 705 duae:
971 665 1127 706 Plautia
1180 667 1261 707 sive
1314 667 1442 708 Plotia
1488 673 1529 709 et

216 728 388 767 Lutatia.

320 791 377 829 Ac
396 790 552 829 Plautia
576 790 734 839 quidem
761 790 822 830 lex
849 791 922 838 his,
951 792 1056 841 quod
1074 791 1253 841 equidem
1273 793 1406 840 sciam,
1435 794 1530 833 locis

216 854 322 903 apud
357 856 511 893 veteres
551 856 731 892 auctores
764 857 1109 893 commemoratur:
1152 855 1309 894 Caelius
1348 856 1400 894 ad
1439 856 1529 896 fam.

216 921 252 964 8,
282 922 318 964 8,
350 923 366 955 1
400 917 459 964 (C.
485 916 738 966 Sempronius
764 916 905 967 Rufus)
934 917 985 957 M.
1014 917 1211 965 Tuccium,
1246 918 1384 968 inquit,
1413 930 1530 959 accu-

216 984 388 1020 satorem
416 992 541 1027 suum,
569 984 660 1029 post
686 980 801 1019 ludos
828 981 1024 1020 Romanos
1051 991 1160 1019 reum
1188 980 1296 1030 1636
1322 980 1531 1021 Plautia

216 1043 272 1082 de
299 1043 347 1082 vi
373 1042 477 1090 fecit,
518 1043 774 1093 similiterque
805 1043 844 1082 in
878 1043 1091 1083 Miloniana
1118 1043 1150 1093 ξ.
1172 1047 1220 1082 35
1257 1055 1348 1083 reus
1374 1043 1532 1083 Milonis

213 1105 301 1155 iege
329 1105 456 1144 Plotia
484 1105 628 1144 dicitur
646 1105 774 1156 vfuisse
794 1105 965 1153 Clodius,
994 1106 1124 1155 quoad
1151 1105 1322 1146 vixisset.
1364 1106 1463 1145 Tum
1491 1111 1531 1146 et

216 1169 425 1209 Catilinam
465 1169 552 1218 1636
595 1168 723 1208 Plotia
767 1169 1053 1219 interrogatum
1098 1180 1183 1208 esse
1228 1181 1262 1208 a.
1306 1169 1349 1209 L.
1394 1169 1531 1209 Paullo

217 1231 426 1272 Sallustius
455 1231 542 1270 bell.
571 1231 654 1270 Cat.
684 1235 729 1270 31
761 1228 928 1271 tradidit
955 1235 995 1271 et
1019 1231 1212 1281 ¹reliquias
1250 1231 1531 1271 coniurationis

216 1295 466 1345 Catilinariae
507 1294 644 1333 eadem
677 1293 763 1344 1636
799 1294 1007 1335 damnatas
1046 1306 1132 1335 esse
1173 1295 1443 1344 cognoscimus
1483 1307 1530 1335 ex

129 1346 134 1348 ¹
214 1357 497 1397 Pseudo-Sall.
540 1358 579 1396 in
617 1357 694 1396 Cic.
737 1361 772 1404 2,
814 1362 837 1395 3
880 1358 1031 1397 collatis
1069 1357 1196 1397 Schol.
1222 1357 1315 1396 Bob.
1354 1358 1393 1396 in
1435 1357 1529 1397 Sull.

215 1420 396 1460 XXXIII.
426 1421 508 1470 (Or.
537 1432 574 1469 p.
596 1420 700 1469 368).
738 1419 916 1469 Denique
934 1420 1126 1460 Asconius
1153 1420 1192 1459 in
1211 1419 1293 1460 Mil.
1319 1424 1415 1459 extr.
1445 1421 1529 1471 (Or.

215 1496 250 1533 p.
263 1484 342 1533 54).
366 1483 416 1522 M.
437 1482 648 1529 Saufeium,
668 1481 824 1522 Milonis
838 1482 1019 1530 amicum,
1039 1482 1146 1532 apud
1161 1483 1389 1522 Considium
1409 1495 1529 1534 quae-

214 1546 375 1585 sitorem
402 1546 443 1584 16
452 1557 506 1595 36
524 1544 682 1584 Plotia
700 1545 755 1583 de
777 1544 818 1583 vi
835 1546 1079 1593 postulatum
1099 1556 1186 1584 esse
1204 1545 1273 1592 ait,
1302 1545 1529 1595 „subscrip-

213 1609 319 1648 tione
355 1620 412 1656 ea,
454 1608 559 1659 quod
597 1607 683 1646 loca
725 1605 955 1660 [superiora]
992 1611 1223 1658 occupasset
1259 1611 1300 1647 et
1333 1620 1422 1647 cum
1449 1609 1529 1648 telo

213 1671 371 1711 fuisset:
411 1683 502 1710 nam
537 1669 671 1722 [etiam
709 1670 749 1709 in
786 1671 1012 1710 consulatus
1050 1671 1241 1720 petitione
1280 1671 1359 1710 dux
1398 1671 1529 1711 fuerat

215 1732 408 1786 (Halm)]
438 1745 646 1783 operarum
664 1732 858 1771 Milonis“.
896 1732 1090 1772 Memorat
1107 1737 1314 1782 praeterea
1331 1733 1527 1773 Plautiam

211 1797 339 1846 legem
367 1796 510 1836 Calvus
537 1796 644 1846 apud
672 1794 831 1842 Quintil.
871 1800 905 1843 9,
944 1801 979 1843 3,
1016 1801 1084 1836 56;
1126 1796 1240 1844 „Non
1275 1808 1369 1847 ergo
1402 1798 1529 1848 magis

211 1861 464 1911 pecuniarum
492 1859 799 1909 repetundarum
828 1870 943 1908 quam
974 1859 1203 1907 maiestatis,
1232 1870 1357 1909 neque
1384 1861 1525 1900 maies-

210 1924 307 1965 tatis
324 1924 451 1974 magis
469 1935 584 1974 quam
603 1914 781 1962 Plautiae
809 1923 908 1973 legis
936 1927 1068 1963 cett.“.
1106 1924 1220 1963 Adde
1247 1924 1309 1964 his
1327 1924 1525 1965 Julianum

210 1987 298 2038 Dig.
327 1993 389 2036 41,
419 1993 454 2035 3,
483 1992 545 2036 33,
575 1991 597 2025 2
627 1990 667 2026 et
694 1985 780 2026 Gai.
809 1991 843 2034 2,
874 1991 935 2027 45.

223 2048 225 2050 ’
313 2051 477 2091 Lutatia
502 2053 635 2090 autem
661 2050 723 2089 lex
749 2061 826 2089 uno
854 2051 1078 2091 nominatur
1114 2049 1210 2096 loco,
1247 2049 1325 2090 Cic.
1353 2061 1389 2098 p.
1418 2049 1522 2089 Cael.

211 2119 272 2162 29,
301 2119 370 2154 70:
413 2114 517 2161 „iam
558 2112 788 2161 intellegitis
825 2116 1013 2162 quantum
1054 2112 1242 2150 iudicium
1283 2111 1522 2159 sustineatis,

209 2180 358 2227 quanta
384 2187 447 2215 res
474 2176 526 2215 sit
554 2175 761 2214 commissa
788 2173 915 2214 vobis:
952 2175 1001 2213 de
1029 2174 1067 2212 vi
1093 2173 1300 2223 quaeritis;
1328 2184 1428 2222 quae
1458 2173 1521 2212 lex

209 2241 260 2281 ad
285 2239 505 2290 imperium,
533 2239 584 2278 ad
610 2238 869 2285 maiestatem,
898 2238 950 2277 ad
976 2240 1123 2276 statum
1142 2235 1306 2284 patriae,
1335 2236 1388 2274 ad
1414 2235 1520 2274 salu-

208 2306 289 2343 tem
325 2302 497 2342 omnium
536 2301 720 2351 pertinet,
760 2312 877 2351 quam
921 2301 1047 2350 legem
1085 2299 1127 2347 Q.
1162 2298 1326 2339 Catulus
1365 2303 1520 2340 armata

207 2365 450 2407 dissensione
476 2365 617 2405 civium
635 2364 693 2404 rei
718 2363 897 2414 publicae
923 2374 1049 2413 paene
1068 2362 1251 2402 extremis
1275 2363 1518 2412 temporibus

208 2429 311 2477 tulit,
358 2440 534 2479 quaeque
578 2429 640 2468 lex
683 2427 823 2467 sedata
865 2426 933 2466 illa
976 2426 1134 2466 flamma
1173 2425 1415 2467 consulatus.
1441 2427 1520 2466 mei

205 2491 395 2533 fumantis
420 2492 604 2542 reliquias
631 2491 908 2530 coniurationis
934 2490 1135 2530 extinxit“.
