1712 2841
1440 87 1493 129 17

177 211 284 261 apud
317 213 471 250 ceteras
497 203 690 257 civitates,
720 209 954 250 maleficium
981 211 1103 250 ullum
1132 223 1219 251 esse
1247 211 1361 251 exilio
1393 212 1495 250 mul-

178 275 322 315 tatum:
342 273 412 313 sed
431 284 519 313 cum
537 272 715 312 homines
728 272 884 312 vincula
897 284 1014 312 neces
1028 273 1339 324 ignominiasque
1354 274 1493 320 vitant,

177 348 277 389 quae
313 339 405 376 sunt
441 335 594 385 legibus
629 335 879 384 constitutae,
908 335 1138 387 confugiunt
1165 338 1278 387 quasi
1305 338 1356 375 ad
1384 349 1493 376 aram

177 401 216 444 in
243 394 439 438 exilium“.
493 399 633 448 Itaque
662 403 754 438 ante
780 399 998 438 orationem
1025 412 1063 448 p.
1092 400 1204 438 Caec.
1232 399 1408 439 habitam
1428 411 1495 438 ex-

176 462 287 502 ilium
314 461 423 500 nulla
449 461 510 500 lex
536 472 700 510 poenam
731 465 938 509 statuerat,
967 463 1093 512 legem
1120 467 1253 502 autem
1281 454 1331 502 de
1360 464 1398 502 vi
1421 464 1495 502 hae

177 524 357 579 oratione,
380 523 640 574 antiquiorem
668 535 754 563 esse
781 524 960 563 omnibus
987 525 1054 574 qui
1081 526 1131 563 de
1157 526 1231 565 hac
1253 537 1296 564 re
1314 526 1495 575 disputa-

177 590 317 626 verunt
341 585 559 625 constabat.
615 585 791 625 Primum
809 590 942 625 autem
962 587 1170 626 Caesarem
1190 588 1367 637 suspicor
1395 589 1495 627 hanc

177 652 339 700 propter
377 648 455 687 vim
495 659 661 698 poenam
702 649 888 695 sanxisse,
933 648 980 687 cf.
1022 649 1101 688 Cic.
1140 649 1238 688 Phil.
1276 650 1307 688 I.
1355 656 1389 697 9,
1433 656 1494 689 23.

176 713 306 760 Quare
350 715 460 751 recte
507 712 680 751 videtur·
708 711 894 750 statuisse
938 712 1193 766 Waechterus
1237 713 1324 762 lege
1368 713 1497 752 Plotia

177 776 385 814 damnatos
403 775 570 824 pecunia
583 775 772 813 multatos
791 785 878 813 esse
893 774 1057 823 aliisque
1076 774 1245 814 fortasse
1263 776 1496 825 quibusdam

175 837 410 888 ignominiis.
456 837 570 885 Quod
596 849 689 877 vero
716 836 853 876 Cicero
881 836 977 875 locis
1004 848 1124 886 supra
1142 838 1315 877 laudatis
1339 838 1495 877 exilium

175 901 342 952 poenam
384 900 541 939 videtur
572 900 746 946 innuere,
781 911 858 938 non
892 900 950 938 ita
984 900 1096 938 anxie
1131 902 1389 948 premendum
1423 905 1495 940 est.

176 963 354 1013 Namque
395 962 514 1002 etiam
566 962 874 1012 repetundarum
923 962 1144 1010 damnatos,
1203 974 1290 1002 cum
1331 964 1498 1013 pecunia

176 1026 451 1072 multarentur,
493 1026 618 1065 solum
658 1037 776 1074 saepe
815 1025 982 1064 vertisse
1022 1029 1189 1065 constat.
1252 1026 1341 1066 Non
1377 1027 1499 1076 igitur

176 1099 344 1138 poenam
371 1088 499 1137 ipsam
527 1088 663 1127 Cicero
688 1087 896 1136 intellegit,
925 1088 997 1126 sed
1020 1088 1094 1127 hoc
1112 1089 1180 1134 ait,
1209 1089 1243 1127 si
1261 1089 1498 1128 damnentur

176 1151 245 1197 rei,
275 1150 357 1189 fore
385 1154 429 1189 ut
455 1150 586 1199 patria
613 1151 751 1189 cedere
780 1154 981 1199 cogantur.

489 1265 576 1306 ΠΙ.
602 1246 782 1320 Quando
807 1266 897 1307 lata
924 1265 1065 1307 fuerit
1092 1266 1183 1307 lex.

282 1338 468 1388 Sequitur
502 1340 581 1378 iam
609 1340 788 1389 quaestio
816 1340 865 1378 de
893 1343 1024 1379 aetate
1052 1340 1150 1388 legis
1178 1340 1367 1386 Plautiae,
1396 1352 1496 1390 quae

176 1412 324 1448 vereor,
364 1406 409 1439 ut
450 1406 558 1440 certo
592 1402 690 1441 solvi
723 1402 860 1451 possit.
916 1402 1158 1452 Quamquam
1188 1403 1291 1442 enim
1319 1403 1495 1452 plerique

176 1463 302 1514 legem
335 1463 442 1503 illam
469 1464 521 1502 ad
549 1475 693 1503 annum
724 1465 836 1514 664l5
864 1465 1116 1513 rettulerunt,
1146 1469 1279 1504 tamen
1308 1466 1495 1514 speciosi—

177 1526 308 1566 oribus
335 1538 453 1576 quam
476 1526 694 1565 verioribus
717 1527 779 1565 usi
797 1530 889 1565 sunt
912 1528 1170 1576 argumentis.
1216 1527 1495 1567 Attribuerunt

174 1593 308 1627 autem
336 1588 393 1627 illi
420 1600 522 1628 anno
550 1592 591 1627 et
617 1588 777 1637 Pighius
806 1592 847 1627 et
873 1588 940 1638 qui
964 1599 1053 1627 eum
1082 1590 1208 1628 secuti
1235 1594 1328 1629 sunt
1355 1590 1495 1629 Manu-

175 1651 255 1690 tius
282 1656 322 1690 et
348 1651 518 1690 Ernesti.
574 1650 731 1690 Scilicet
757 1651 861 1700 quod
888 1654 1045 1690 constat
1072 1651 1139 1690 illo
1166 1663 1269 1690 anno
1296 1652 1348 1690 M.
1377 1652 1494 1691 Plau-

176 1714 274 1753 tium
315 1714 515 1753 Silvanum
556 1717 605 1752 tr.
645 1713 697 1762 pl.
737 1706 867 1763 'legem
910 1714 1048 1754 tulisse
1081 1726 1178 1760 eam,
1221 1726 1298 1764 qua
1324 1715 1493 1765 primum

175 1782 377 1817 senatores
396 1789 485 1816 cum
512 1776 708 1826 equitibus
735 1774 956 1815 iudicarent
985 1777 1144 1826 (Ascon.
1165 1778 1205 1816 in
1224 1777 1339 1817 Corn.
1368 1790 1405 1826 p.
1428 1782 1492 1824 79;

174 1841 254 1881 Cic.
296 1841 412 1881 Corn.
457 1840 504 1880 fr.
548 1845 609 1888 ⁶27,
652 1841 719 1878 Or.
761 1851 798 1889 p.
840 1841 947 1890 451),
985 1839 1141 1889 decepti
1167 1840 1312 1879 Plautii
1339 1840 1494 1879 nomine

174 1903 349 1942 eiusdem
389 1903 491 1941 hanc
531 1908 707 1941 nostram
748 1903 797 1940 de
833 1903 872 1940 vi
903 1902 1031 1950 legem
1072 1914 1157 1941 esse
1195 1904 1492 1948 contenderunt,

174 1976 262 2005 cum
289 1966 332 2005 id
349 1966 466 2005 mod'o
494 1968 693 2004 constaret
721 1975 823 2003 anno
850 1964 964 2013 664l5
991 1962 1113 2002 fuisse
1142 1963 1341 2003 tribunum
1368 1964 1493 2013 plebis

173 2027 225 2066 M.
253 2027 450 2067 Plautium
479 2027 679 2067 Silvanum
716 2038 882 2076 eumque
917 2026 1055 2065 tulisse
1083 2026 1209 2076 legem
1238 2027 1490 2066 iudiciariam.

172 2089 284 2129 Vidit
310 2090 384 2129 hoc
412 2090 471 2129 vir
497 2101 674 2129 summus
699 2089 954 2127 Waechterus
982 2088 1199 2138 meritoque
1227 2089 1490 2128 temeritatem

172 2152 327 2192 illorum
363 2152 629 2203 reprehendit.
694 2152 819 2198 Quam
856 2156 990 2191 tamen
1026 2151 1111 2201 ipse
1148 2153 1196 2191 de
1235 2156 1365 2191 aetate
1393 2151 1490 2201 legis

172 2215 351 2256 Plautiae
384 2216 548 2266 protulit
586 2216 865 2261 coniecturam,
901 2225 1039 2253 vereor
1071 2219 1117 2254 ut
1143 2214 1314 2254 firmiore
1341 2215 1490 2253 nitatur

171 2277 438 2319 fundamento.
484 2279 686 2318 Adsensus
713 2282 846 2317 autem
873 2277 1029 2317 illorum
1059 2278 1108 2316 de
1135 2282 1266 2316 aetate
1293 2278 1378 2327 ipsa
1397 2288 1491 2315 con-

171 2340 344 2381 iecturae
371 2342 564 2381 rationem
591 2340 721 2381 adfert
748 2341 877 2380 aliam.
934 2339 1092 2379 Scilicet
1125 2344 1282 2379 secutus
1308 2339 1488 2388 Pighium

170 2403 275 2444 illius
310 2405 403 2444 anni
438 2404 567 2444 adfert
604 2404 781 2444 tribunos
813 2404 941 2454 plebis
974 2404 1027 2442 M.
1056 2403 1251 2443 Plautium
1289 2402 1488 2441 Silvanum

147 2470 211 2507 .et
238 2466 291 2514 Q.
311 2467 515 2507 Lutatium
543 2467 737 2507 Catulum.
801 2468 854 2506 At
886 2467 926 2506 id
954 2467 1095 2516 ipsum,
1128 2466 1276 2506 scilicet
1304 2464 1487 2505 Catulum

1279 2528 1299 2559 2
