1712 2841
1473 122 1526 164 13

214 250 316 297 Quin
329 249 449 288 etiam
465 260 499 286 a.
512 259 550 285 u.
563 251 637 286 698
653 246 886 285 sodalitates
896 246 1162 296 decuriatique
1178 250 1339 285 senatus
1352 245 1531 284 consulto

214 312 419 352 discedere.
428 308 676 355 iubebantur,
696 308 976 359 decretumque
995 313 1056 348 est
1077 313 1121 348 ut
1139 309 1201 348 lex
1214 309 1262 348 de
1281 309 1330 349 iis
1348 308 1530 355 ferretur,

213 378 259 415 ut
284 375 351 425 qui
377 386 454 413 non
478 372 764 419 discessissent,
794 384 840 412 ea
858 384 995 422 poena,
1025 384 1123 422 quae
1143 376 1246 411 esset
1275 372 1324 410 de
1342 372 1392 418 vi,
1422 377 1531 410 tene-

213 439 363 477 rentur.
380 435 478 485 (Cic.
507 435 559 474 ad
578 434 710 481 Quint.
740 434 786 474 fr.
814 435 865 482 II,
896 440 931 482 3,
962 435 1014 485 5).
1044 459 1093 463 ——
1122 434 1370 475 Privatorum
1399 439 1531 474 autem

214 499 389 546 iniurias,
419 498 574 537 etiamsi
602 498 641 536 vi
665 498 888 537 hominibus
906 498 1053 536 coactis
1065 499 1198 536 illatae
1211 503 1354 544 essent,
1375 498 1414 536 in
1429 498 1531 536 iudi-

215 562 316 601 cium
341 560 441 609 legis
459 559 610 598 Plotiae
630 560 823 600 deductas
842 572 928 599 esse
947 573 1138 610 nusquam
1160 561 1388 599 invenimus.
1430 560 1530 598 Nam

214 625 318 675 quod
328 624 486 663 aedium
503 624 746 673 privatarum
763 625 1004 674 direptiones
1018 625 1093 663 huc
1104 624 1257 663 rettulit
1267 623 1531 669 Waechterus,

214 687 304 725 vide
344 697 392 724 ne
432 697 572 735 parum
606 690 722 725 caute
756 686 893 726 fecerit
929 688 989 726 vir
1015 687 1289 736 amplissimus.
1344 685 1532 731 Traditur

214 748 370 800 quidem
409 761 434 788 a
466 748 654 788 Cicerone
682 749 731 788 de
758 749 918 800 harusp.
948 761 1050 799 resp.
1081 754 1116 795 8,
1151 753 1194 787 15
1224 749 1442 788 decrevisse
1471 760 1532 787 se-

215 815 352 850 natum
380 822 459 857 eos,
497 811 564 859 qui
603 811 766 850 aedibus
794 812 994 851 Ciceronis
1022 812 1248 851 vastitatem
1276 812 1380 850 saxis
1407 817 1444 849 et
1473 812 1533 859 ig-

215 872 330 913 nibus
348 877 389 913 et
407 872 510 913 ferro
529 873 765 922 intulissent,
795 874 880 925 lege
901 875 950 914 de
968 874 1005 913 vi
1024 873 1159 913 teneri.
1210 873 1383 912 Primum
1403 876 1533 912 autem

214 936 399 975 attendas
438 936 566 982 velim,
608 936 714 975 idem
755 938 828 977 hoc
868 938 950 977 fere
988 950 1073 977 esse
1107 950 1152 977 ac
1187 938 1290 987 quod
1325 949 1444 986 supra
1484 937 1533 975 de

216 999 482 1039 sodilitatibus
518 1000 809 1051 decuriatisque
848 1001 915 1050 (ad
949 1001 1020 1047 Qu.
1050 1000 1096 1038 fr.
1128 1005 1162 1047 2,
1197 1006 1230 1046 3,
1262 1001 1301 1049 5)
1330 1003 1533 1038 narratum

217 1067 289 1102 est.
346 1062 504 1102 Scilicet
543 1074 620 1101 non
661 1064 860 1103 incidebat
900 1064 939 1103 in
976 1063 1171 1102 Plautiam
1214 1063 1351 1112 legem,
1393 1063 1459 1112 qui
1493 1063 1534 1101 id

215 1124 384 1173 fecisset,
422 1126 492 1164 sed
524 1136 650 1174 poena
686 1130 841 1165 tantum
868 1126 967 1175 legis
996 1127 1044 1164 de
1073 1126 1111 1164 vi
1139 1130 1183 1164 ut
1210 1129 1422 1172 teneretur,
1464 1126 1533 1163 de-

215 1189 365 1227 cretum
406 1190 478 1226 est.
550 1188 625 1235 Qui
664 1201 757 1228 vero
798 1190 837 1228 in
879 1189 1109 1229 sodalitates
1149 1188 1345 1235 coiissent,
1387 1200 1454 1228 eos
1495 1189 1534 1227 in

215 1250 407 1289 Plautiam
444 1251 493 1289 de
529 1250 566 1289 vi
593 1251 720 1301 legem
749 1253 1001 1298 commisisse,
1034 1263 1148 1290 nemo
1177 1251 1249 1289 fuit
1279 1252 1344 1301 qui
1373 1252 1531 1290 diceret.

215 1311 367 1352 Deinde
401 1312 435 1352 si
461 1314 626 1363 quodvis
659 1314 881 1354 incendium
909 1314 970 1353 vel
998 1314 1152 1355 aedium
1182 1313 1353 1363 direptio
1382 1314 1440 1353 vis
1467 1314 1535 1353 illa

216 1377 314 1426 legis
340 1376 520 1417 Plautiae
547 1378 773 1427 putabatur,
802 1379 896 1428 quid
924 1390 1022 1427 opus
1046 1382 1130 1416 erat
1150 1384 1310 1417 senatus
1329 1377 1535 1416 consulto?

215 1440 340 1478 Immo
380 1439 580 1479 declarare
620 1441 744 1480 voluit
782 1445 941 1480 senatus
976 1452 1133 1480 causam
1170 1440 1275 1479 illam
1307 1451 1383 1478 non
1409 1439 1535 1478 videri

217 1502 427 1551 privatam.
510 1502 613 1549 Quid
668 1504 771 1553 quod
819 1503 1118 1552 magistratibus
1158 1503 1391 1542 mandatum
1438 1506 1535 1549 erat,

215 1570 408 1611 curarent,
445 1570 490 1604 ut
522 1566 605 1605 sine
633 1566 671 1605 vi
697 1566 905 1605 aedificare
934 1566 1113 1605 Ciceroni
1140 1565 1302 1604 liceret?
1331 1565 1436 1614 quod
1464 1577 1534 1614 pe—

216 1627 330 1666 cunia
348 1627 504 1677 publica
523 1629 662 1668 domus
680 1628 748 1667 illa
767 1628 1073 1668 aedificabatur?
1094 1628 1161 1677 (de
1180 1628 1263 1666 har.
1281 1638 1383 1677 resp.
1400 1628 1435 1677 ξ.
1455 1628 1532 1677 15.)

320 1690 429 1736 Quae
456 1691 490 1730 si
517 1694 624 1730 recte
652 1691 855 1741 disputata
875 1695 978 1738 sunt,
1007 1690 1084 1729 vim
1103 1691 1222 1737 illam,
1251 1695 1296 1729 ut
1314 1690 1536 1741 quaestioni

215 1751 302 1802 lege
328 1751 484 1792 Plautia
519 1754 627 1793 locus
665 1758 780 1802 esset,
819 1759 859 1794 et
893 1754 1039 1794 coactis
1073 1754 1297 1793 hominibus
1331 1758 1372 1793 et
1393 1758 1535 1794 contra

215 1813 324 1863 leges
350 1818 471 1866 atque
498 1816 683 1856 instituta
709 1818 998 1868 quodammodo
1026 1818 1083 1857 rei
1110 1817 1289 1867 publicae
1324 1818 1533 1857 exercitam

217 1891 303 1919 esse
330 1880 548 1929 oportebat.
582 1904 627 1909 -—
655 1882 770 1921 Adde
796 1881 857 1922 his
883 1880 1046 1921 iniurias
1064 1881 1205 1930 legatis
1225 1880 1376 1920 illatas:
1406 1881 1536 1921 omnia

218 1940 339 1981 habes
365 1941 542 1982 Plautiae
576 1944 624 1982 de
652 1944 691 1982 vi
718 1944 796 1993 legi
823 1947 931 1983 certo
959 1943 1222 1990 attribuenda,
1252 1955 1351 1993 quae
1378 1943 1533 1993 quidem

218 2004 327 2052 satis,
355 2005 486 2055 qualia
512 2005 668 2054 fuerint,
697 2006 930 2046 noverimus.

321 2067 410 2107 Alia
436 2068 551 2117 plane
579 2068 810 2108 observatur
839 2069 897 2108 vis
924 2069 964 2108 in
993 2069 1236 2118 digestorum
1264 2069 1392 2108 titulis
1419 2070 1469 2108 de
1495 2069 1534 2108 vi

217 2128 373 2178 publica
409 2141 454 2170 ac
489 2131 645 2181 privata
674 2132 738 2182 (D.
768 2137 830 2179 48,
864 2136 885 2170 6
914 2134 954 2170 et
984 2132 1036 2181 7).
1091 2131 1197 2170 Nota
1228 2136 1287 2170 est
1319 2142 1382 2170 res
1409 2142 1533 2181 neque

217 2191 330 2231 nobis
368 2192 431 2232 hic
470 2195 710 2243 exponenda,
753 2206 869 2244 quam
911 2207 1031 2244 supra
1071 2194 1148 2233 iam
1192 2195 1246 2243 (p.
1293 2196 1357 2244 12)
1395 2194 1533 2234 leviter

217 2254 431 2305 attigimus.
463 2279 511 2284 —-
538 2257 684 2296 Eorum
719 2261 853 2296 autem
888 2268 987 2308 quae
1018 2260 1125 2296 certo
1153 2256 1328 2295 Plautiae
1356 2257 1432 2305 legi
1459 2257 1532 2296 tri-

217 2316 373 2357 buenda
406 2329 492 2358 esse
529 2320 709 2368 vidimus,
751 2321 790 2361 in
828 2320 993 2371 digestis
1032 2321 1198 2360 redeunt
1238 2324 1277 2360 et
1309 2320 1448 2360 turbae
1481 2322 1533 2360 ad

216 2380 362 2421 iudicia
388 2382 563 2427 tollenda
591 2384 810 2424 concitatae
838 2389 879 2424 et
905 2386 1123 2435 legatorum
1155 2383 1397 2433 pulsationes
1425 2385 1531 2435 (Dig.

219 2448 281 2492 48,
312 2451 346 2492 6,
381 2449 429 2483 10
459 2458 517 2496 pr.
547 2450 588 2486 et
615 2447 639 2486 l.
671 2449 723 2498 7).
790 2447 936 2488 Paulus
979 2452 1111 2487 autem
1147 2450 1245 2486 sent.
1278 2459 1354 2487 rec.
1388 2448 1424 2486 V
1452 2450 1533 2487 3οᾸ-

217 2519 307 2548 eum
334 2520 490 2559 quoque
517 2510 603 2559 lege
630 2510 786 2560 publica
813 2512 938 2550 teneri
964 2512 1019 2551 ait
1048 2510 1139 2561 „qui
1165 2511 1361 2559 petiturus
1388 2512 1534 2560 magis-
