1712 2841
229 108 283 149 14

221 235 370 272 tratum
410 262 418 270 .
461 262 469 270 .
510 262 519 270 .
550 261 559 270 .
590 262 598 270 .
643 231 799 271 turbam
839 231 1112 281 suffragiorum
1151 242 1271 270 causa
1305 231 1548 278 conduxerit,

224 305 359 333 servos
372 294 637 341 advocaverit,
652 294 819 333 aliamve
833 305 949 343 quam
970 293 1265 333 multitudinem
1278 294 1548 338 conduxerit·“.

222 357 389 407 Reliqua
400 368 500 407 quae
514 356 669 406 digesta
683 359 916 396 enumerant
928 356 980 395 ad
994 356 1052 396 rei
1065 356 1245 406 publicae
1259 357 1384 407 ipsius
1400 357 1549 397 securi-

222 423 349 458 tatem
356 419 506 458 arctius
512 419 762 467 pertinentia,
770 419 892 457 veluti
899 430 999 468 quae
1006 419 1191 468 leguntur
1197 420 1222 458 1.
1231 424 1254 458 3
1265 432 1324 469 pr.
1333 420 1358 459 1.
1367 425 1403 459 7.
1417 424 1475 459 10.
1488 424 1547 467 12,

224 482 274 520 de
302 481 350 520 iis
377 480 594 520 fuissentne
613 481 733 520 etiam
752 479 931 520 Plautiae
950 480 1049 531 legis
1066 481 1227 532 propria
1243 481 1341 522 nihil
1358 482 1550 521 traditum

223 548 296 592 est,
324 556 561 595 quamquam
587 547 894 584 consentaneum
923 548 984 584 est
1003 556 1080 584 non
1107 544 1229 585 fuisse
1256 544 1305 584 ab
1335 556 1382 584 ea
1409 545 1548 585 aliena.

327 607 485 646 Etenim
520 607 588 647 illa
615 619 715 658 quae
743 618 864 656 supra
891 607 1206 648 enumeravimus
1232 607 1413 648 Plautiae
1439 607 1549 658 legis,

223 673 268 709 ut
296 670 352 709 ita
380 670 521 717 dicam,
552 670 683 719 capita
711 670 744 708 si
772 670 1009 717 consideres,
1038 671 1138 719 legis
1164 670 1336 710 indolem
1365 682 1411 710 ac
1432 674 1550 710 natu-

223 744 308 773 ram
350 732 471 772 fuisse
512 732 688 771 invenies
728 743 805 771 non
844 743 930 771 eam
963 744 1080 782 quam
1114 732 1368 773 Waechterus
1396 732 1549 781 statuit,

223 796 294 834 sed
334 795 461 845 quam‘
495 795 663 835 Johnius
704 795 786 834 fere
828 794 1053 834 delineavit.
1123 795 1271 834 Gravia
1315 795 1418 835 enim
1458 798 1550 835 sunt

223 858 388 898 crimina
413 861 532 908 atque
560 858 711 898 atrocia
739 869 874 908 eaque,
904 869 1003 908 quae
1032 869 1120 897 cum
1144 858 1311 898 maxime
1329 859 1381 898 ad
1400 861 1550 909 statum

222 922 381 968 liberae,
411 921 538 971 qualis
566 925 659 960 tunc
687 924 784 967 erat,
813 921 871 959 rei
898 921 1078 969 publicae
1110 921 1351 960 turbandum
1378 922 1548 961 valeant.

222 985 359 1034 Neque
379 984 565 1023 abhorret
584 984 681 1022 haec
711 983 843 1033 opinio
871 982 920 1022 ab
941 983 1001 1031 iis,
1031 994 1131 1034 quae
1159 984 1378 1034 generatim
1412 985 1461 1023 de
1487 984 1559 1023 in·-

223 1048 312 1087 dole
352 1048 451 1097 legis
492 1047 643 1086 tradita
684 1051 787 1087 sunt.
852 1047 920 1086 Ait
957 1048 1059 1087 enim
1095 1048 1233 1087 Cicero
1260 1060 1298 1097 p.
1327 1048 1432 1089 Cael.
1461 1049 1495 1099 ξ.
1527 1053 1546 1087 1

222 1111 354 1158 „idem
383 1122 470 1149 cum
499 1110 637 1149 audiat
665 1121 751 1149 esse
779 1110 917 1159 legem,
957 1122 1056 1160 quae
1085 1111 1134 1149 de
1162 1111 1361 1150 seditiosis
1388 1122 1547 1151 consce-

223 1174 436 1224 leratisque
477 1173 638 1221 civibus,
681 1169 758 1223 qui
795 1173 966 1212 armati
1003 1177 1217 1213 senatum
1251 1173 1546 1222 obsederint,

224 1236 593 1284 magistratibus
634 1236 723 1275 vim
764 1236 1043 1282 attulerint,
1081 1248 1164 1274 rem
1200 1236 1434 1285 publicam
1462 1248 1547 1286 op-

223 1300 525 1350 pugnarint“
554 1303 647 1339 cett.
678 1298 744 1348 (cf.
772 1300 806 1349 ξ.
829 1300 908 1349 70).
954 1299 1056 1338 Puto
1075 1304 1219 1347 autem,
1249 1299 1282 1339 si
1301 1299 1548 1340 coniecturae

222 1363 332 1402 locus
372 1367 445 1410 est,
486 1363 584 1410 haec
623 1363 710 1411 ipsa
747 1361 868 1401 fuisse
905 1363 1038 1411 capita
1069 1362 1178 1411 legis.
1234 1360 1417 1401 Redeunt
1443 1363 1547 1401 enim

222 1437 348 1475 paene
377 1425 515 1464 eadem
544 1425 583 1464 in
603 1425 915 1474 interrogatione
935 1425 975 1463 in
994 1424 1126 1463 Vatin.
1156 1425 1190 1474 ξ.
1211 1429 1273 1471 40,
1293 1424 1361 1463 ubi
1379 1424 1548 1464 refertur

222 1488 360 1527 Miloni
399 1488 595 1527 obiectum
637 1499 724 1527 esse
765 1499 789 1526 a
825 1487 996 1534 Vatinio,
1033 1488 1138 1539 quod
1166 1487 1480 1536 „gladiatoribus
1506 1491 1547 1527 et

222 1551 420 1591 bestiariis
448 1550 668 1591 obsedisset
685 1561 769 1590 rem
788 1549 1023 1600 publicam“.
1054 1572 1102 1578 -
1130 1550 1239 1590 Haec
1258 1550 1291 1590 si
1310 1550 1546 1599 consideres,

222 1615 336 1655 facile
368 1615 589 1662 adducaris,
623 1618 668 1654 ut
703 1614 781 1653 vim
820 1614 941 1654 fuisse
968 1618 1123 1662 statuas
1151 1614 1298 1654 crimen
1325 1614 1547 1655 maiestatis

222 1679 448 1724 violentum,
468 1690 585 1728 quam
600 1677 823 1727 opinionem
838 1677 1105 1716 Mommsenus
1123 1677 1330 1726 proposuit
1348 1677 1388 1716 in
1403 1677 1546 1717 scholis

222 1742 272 1781 de
307 1741 393 1781 iure
429 1741 537 1780 crim.
569 1741 681 1779 Rom.
723 1739 879 1780 habitis.
944 1740 1061 1780 Certe
1096 1740 1336 1780 consimilem
1368 1740 1545 1781 habitam

221 1817 309 1845 esse
336 1804 555 1844 maiestatis
583 1803 736 1842 crimini
763 1803 856 1842 inde
883 1806 1061 1852 apparet,
1090 1804 1195 1853 quod
1215 1803 1361 1842 Caesar
1379 1803 1544 1842 eandem

219 1867 427 1917 utriusque
444 1878 612 1916 poenam
631 1865 849 1913 constituit,
878 1866 1061 1917 quodque
1081 1870 1121 1906 et
1140 1867 1189 1905 de
1208 1866 1246 1905 vi
1264 1870 1305 1906 et
1322 1866 1545 1906 maiestatis

220 1930 492 1971 condemnatis
527 1929 805 1979 provocatione
839 1929 1094 1969 interdictum
1131 1932 1219 1968 erat
1257 1929 1355 1979 (Cic.
1383 1928 1482 1969 Phil.
1510 1929 1542 1968 L

221 1998 257 2042 9,
300 1998 361 2033 21.
404 1993 484 2042 22).
551 1992 746 2039 Quidnam
785 1995 917 2031 autem
953 1991 1178 2032 interfuerit
1204 1992 1309 2032 inter
1335 1996 1544 2043 utramque

218 2059 361 2108 legem,
390 2056 549 2097 difficile
576 2062 638 2096 est
656 2056 775 2095 dictu.
818 2056 876 2095 Ac
895 2056 999 2095 John
1026 2055 1183 2105 quidem
1210 2055 1251 2095 in
1270 2046 1543 2095 commentati-

219 2133 293 2160 one
320 2132 379 2168 ea,
408 2132 525 2170 quam
554 2131 674 2169 supra
700 2118 917 2166 attulimus,
955 2130 993 2168 p.
1032 2123 1080 2158 76
1107 2119 1193 2166 hoc,
1221 2121 1267 2157 ut
1293 2117 1401 2158 brevi
1427 2130 1541 2168 prae-

219 2185 361 2231 cidam,
402 2183 523 2222 fuisse
564 2183 621 2221 ait
658 2181 905 2228 discriminis,
943 2185 988 2220 ut
1016 2182 1208 2220 statueret
1244 2180 1284 2219 in
1323 2181 1543 2221 maiestatis

218 2247 363 2287 iudicio
391 2246 527 2297 quaeri
555 2245 748 2292 debuisse,
778 2244 1017 2284 voluissetne
1045 2255 1136 2284 reus
1162 2243 1270 2294 leges
1296 2248 1338 2283 et
1357 2244 1541 2284 instituta

219 2311 391 2351 civitatis
418 2310 577 2349 omnino
603 2312 841 2359 pervertere,
871 2319 970 2347 cum>
986 2308 1053 2357 qui
1082 2307 1130 2346 de
1154 2307 1194 2346 vi
1211 2318 1370 2345 causam
1389 2307 1540 2346 diceret

217 2385 295 2412 non
335 2373 378 2411 id
417 2372 544 2421 egisse
584 2372 784 2421 putandus
817 2375 935 2417 esset,
979 2374 1023 2409 ut
1056 2370 1164 2418 leges
1192 2369 1360 2416 tolleret,
1396 2371 1468 2408 sed
1494 2373 1539 2408 ut

217 2447 330 2475 suam
360 2435 409 2473 de
436 2435 586 2483 optima
612 2435 742 2484 legum
771 2432 998 2473 condicione
1025 2432 1246 2482 opinionem
1275 2432 1313 2470 vi
1331 2431 1537 2470 obtineret.

220 2498 299 2537 Sed
330 2501 459 2536 totum
493 2497 565 2536 hoc
598 2497 807 2536 discrimen
840 2502 881 2535 et
908 2497 1102 2536 novicium
1131 2500 1191 2535 est
1219 2507 1344 2545 neque
1372 2506 1538 2544 usquam
