1712 2841
145 19 164 28 ..
182 0 316 31 *emm
328 0 361 12 ’Ψ
377 0 413 8 ””’

198 110 227 151 4

303 233 415 272 Duae
461 234 583 283 igitur
629 244 718 272 cum
762 233 884 275 fuisse
925 237 1195 273 statuerentur
1235 234 1284 272 de
1324 234 1363 272 vi
1398 234 1517 283 legeS,

199 307 392 347 quaenam
411 296 516 336 inter
533 300 741 346 utramque
760 296 861 335 ratio
881 296 1182 344 intercessisset,
1211 296 1279 336 diu
1298 297 1518 346 quaesitum

199 364 271 399 est.
325 360 410 399 Iam
437 359 614 410 plerique
642 360 762 399 innixi
798 359 883 399 loco
911 358 1119 400 Caelianae
1155 360 1188 409 ξ.
1221 365 1236 398 1
1269 359 1342 399 hoc
1369 349 1520 400 statue-

199 426 293 462 runt
333 422 454 462 fuisse
495 423 744 470 discriminis,
784 426 830 461 ut
870 435 894 461 a
926 422 1083 462 Plautio
1121 423 1359 462 ordinariam
1392 423 1449 462 ‘de
1481 424 1521 462 vi

200 485 357 535 publica
385 485 655 536 quaestionem
684 486 862 525 dicerent
890 486 1147 527 constitutam
1172 486 1303 533 fuisse,
1338 485 1519 526 Catulum

199 548 297 587 illud
325 560 444 588 unum
473 549 687 597 addidisse,
716 553 761 588 ut
788 549 963 600 quotidie
991 552 1246 598 quaereretur
1273 552 1313 587 et
1345 552 1390 587 ut
1417 554 1521 588 esset

200 612 379 662 quaestio
408 612 731 652 extraordinaria.
795 613 1002 662 Ingressus
1031 616 1093 651 est
1119 611 1219 651 hanc
1247 612 1348 651 viam
1377 612 1520 651 Ferra-

200 676 281 715 tius
308 676 347 715 in
376 676 553 726 epistolis
581 689 619 726 p.
649 680 697 716 53
727 688 785 726 ep.
818 680 876 723 12,
906 675 1071 726 eumque
1099 679 1257 715 secutus
1285 679 1346 714 est
1364 679 1522 725 praeter
1589 701 1595 704 ν

202 739 299 778 alios
328 739 428 778 Rein
457 739 838 779 Criminalrecht
871 750 907 788 p.
939 742 1013 777 738
1041 742 1121 778 not.

306 801 582 841 Labefactavit
621 802 722 841 hanc
768 802 988 851 opinionem
1030 802 1248 847 Waechter,
1284 800 1525 839 Revision‘

202 865 285 903 der
312 864 470 903 Lehre
507 876 606 903 vom
635 864 957 904 Verbrechen
993 865 1081 903 der
1108 863 1522 913 Gewaltthaetig-

201 928 312 967 keit
342 928 406 977 (N.
434 928 548 967 Arch.
577 928 686 975 XIII,
723 940 759 977 p.
791 928 869 978 18),
907 927 1102 966 Plautiam
1135 927 1262 976 legem
1300 938 1323 965 a
1360 926 1523 965 Lutatia
1555 925 1558 926 ⁷

202 1002 320 1040 quam
358 991 534 1029 dicerent
575 992 771 1029 diversam
805 990 926 1029 fuisse
960 991 1118 1029 omnino
1152 1000 1310 1039 negans.
1370 989 1523 1028 Monuit

203 1053 307 1093 enim
336 1065 528 1104 nusquam
561 1053 637 1093 nisi
665 1065 743 1093 uno
770 1053 836 1092 illo
866 1052 1072 1092 Caelianae
1099 1052 1184 1092 loco
1210 1052 1394 1092 Lutatiae
1426 1051 1524 1102 legis

203 1117 442 1157 mentionem
486 1117 583 1165 fieri,
629 1118 748 1157 immo
790 1117 910 1157 etiam
951 1121 1042 1166 post
1081 1120 1239 1166 tempus
1283 1116 1391 1165 illud,
1446 1127 1523 1166 quo

202 1180 416 1228 Lutatiam,
446 1181 480 1220 si
506 1181 599 1220 talis
626 1181 778 1229 fuisset,
819 1181 940 1220 latam
975 1192 1060 1219 esse
1088 1183 1299 1230 oporteret,
1328 1179 1522 1218 Plautiam

204 1243 328 1282 solam
369 1243 497 1293 legem
538 1244 845 1282 commemorari.
900 1243 1052 1282 Deinde
1093 1244 1197 1292 quod
1232 1243 1310 1289 Cic.
1344 1254 1381 1292 p.
1419 1242 1523 1281 Cael.

205 1310 267 1352 29,
298 1310 347 1345 70
386 1306 473 1355 lege
501 1305 545 1352 Q.
582 1305 713 1345 Catuli
739 1305 887 1345 factum
923 1316 1010 1345 esse
1042 1305 1110 1351 ait,
1153 1305 1302 1344 scilieet
1339 1303 1524 1354 reliquias

203 1368 485 1408 coniurationis
513 1367 766 1408 Catilinariae
793 1368 913 1408 fuisse
941 1368 1145 1415 extinctas,
1174 1368 1278 1407 idem
1307 1379 1331 1406 a
1348 1366 1525 1407 Pseudo-

203 1431 296 1470 Sall.
325 1431 364 1470 in
394 1431 472 1471 Cic.
502 1437 537 1478 2,
568 1436 590 1470 3
619 1431 797 1471 Plautiae
825 1431 904 1481 legi
930 1431 1127 1470 tribuitur.
1184 1431 1393 1470 Postremo
1419 1430 1524 1469 idem

204 1494 312 1543 illud,
355 1495 460 1545 quod
500 1494 705 1535 Ferratius
746 1507 910 1545 eumque
955 1494 1036 1534 fere
1082 1497 1239 1534 secutus
1282 1493 1381 1533 Rein
1426 1493 1525 1543 legis

203 1558 388 1598 Lutatiae
415 1559 618 1608 proprium
646 1570 732 1598 esse
760 1559 955 1606 dixerunt,
993 1558 1043 1596 de
1078 1558 1164 1607 lege
1192 1557 1349 1596 Plautia
1375 1557 1524 1596 dictum

203 1633 290 1661 esse
309 1622 518 1661 invenitur.
549 1621 707 1661 Scilicet
725 1621 929 1661 Ferratius
957 1622 1007 1660 de
1034 1620 1185 1669 legibus
1213 1621 1274 1660 his
1300 1620 1358 1659 ita
1384 1620 1525 1659 statuit

206 1684 339 1732 (epist.
367 1696 403 1732 p.
434 1686 519 1734 29):
551 1684 675 1731 „Erat
703 1688 743 1722 et
763 1684 919 1722 Plautia
947 1684 1019 1730 lex,
1048 1683 1187 1733 inquit,
1218 1684 1267 1722 de
1294 1684 1332 1722 vi
1359 1682 1524 1732 publica,

204 1746 287 1785 lata
330 1758 354 1785 a
393 1746 444 1786 M.
485 1746 643 1786 Plautio
686 1746 842 1786 Silvano
881 1750 929 1786 tr.
971 1745 1021 1795 pl.
1065 1745 1133 1785 Cn.
1176 1744 1362 1795 Pompeio
1403 1749 1443 1784 et
1482 1745 1525 1785 L.

204 1808 343 1848 Porcio
372 1820 449 1849 cos.
479 1810 549 1859 (=
566 1822 602 1849 u.
635 1821 666 1849 6.
697 1811 801 1860 665),
841 1821 959 1860 quam
992 1809 1134 1848 deinde
1167 1809 1211 1855 Q.
1238 1808 1423 1848 Lutatius
1448 1819 1525 1848 cos.

207 1872 247 1921 (i.
264 1882 296 1910 6.
316 1883 352 1910 11.
373 1882 403 1911 6.
425 1872 517 1921 676)
547 1872 761 1919 renovavit,
790 1876 835 1911 ut
862 1873 912 1911 de
940 1871 1138 1911 seditiosis
1165 1871 1313 1910 civibus
1339 1871 1526 1911 iudicium

206 1934 382 1983 quotidie
410 1934 698 1981 institueretur,
739 1935 858 1974 etiam
894 1934 1006 1974 festis
1042 1934 1192 1980 diebus,
1228 1945 1393 1984 cumque
1428 1934 1526 1973 haec

206 1996 268 2034 lex
304 1996 383 2034 vim
424 1996 622 2045 publicam
664 2000 873 2046 spectaret,
909 1997 976 2036 illa
1015 1997 1223 2046 privatam,
1265 2007 1425 2037 necesse
1465 2000 1528 2037 est

206 2060 306 2098 duas
334 2060 510 2099 diversas
537 2059 658 2100 fuisse
686 2061 972 2110 quaestiones“.
1015 2059 1071 2099 Cf.
1099 2060 1199 2099 Rein
1226 2060 1247 2099 l.
1278 2060 1301 2099 1.
1346 2061 1400 2100 At
1427 2061 1526 2101 Cae-

205 2122 282 2160 lius
310 2133 369 2171 ep.
397 2122 449 2160 ad
476 2120 569 2162 fam.
600 2129 635 2170 8,
666 2129 701 2171 8,
734 2131 773 2162 1:
814 2123 960 2171 „Scit0,
1001 2122 1139 2172 inquit,
1182 2123 1222 2162 C.
1252 2122 1525 2172 Sempronium

205 2183 352 2224 Rufum
385 2208 437 2213 —
478 2185 714 2225 calumniam
756 2185 926 2225 maximo
968 2185 1107 2235 plausu
1149 2185 1294 2225 tulisse.
1349 2185 1525 2235 Quaeris,

206 2260 284 2298 qua
303 2248 342 2287 in
362 2259 493 2287 causa.
538 2249 589 2287 M.
619 2249 817 2296 Tuccium,
847 2252 1115 2288 accusatorem
1143 2260 1268 2296 suum,
1296 2253 1388 2299 post
1413 2250 1527 2289 ludos

206 2311 405 2351 Romanos
433 2324 543 2352 reum
581 2312 668 2361 lege
704 2311 874 2351 Plotia
915 2312 973 2350 de
1015 2310 1062 2349 vi
1097 2311 1201 2359 fecit,
1242 2312 1316 2351 hoc
1353 2312 1525 2359 consilio,

208 2374 314 2423 quod
340 2374 513 2422 videbat,
557 2375 590 2414 si
632 2374 1078 2414 extraordinarius
1109 2386 1219 2413 reus
1251 2386 1365 2414 nemo
1392 2386 1526 2415 acces-

207 2437 336 2483 sisset,
366 2436 441 2476 sibi
458 2437 532 2476 hoc
550 2448 654 2475 anno
673 2449 830 2477 causam
850 2449 936 2477 esse
954 2437 1199 2477 dicendam“.
1227 2438 1366 2488 Itaque
1386 2439 1525 2478 eadem

206 2498 275 2537 illa
301 2499 437 2539 iudicii
463 2501 665 2548 atrocitas,
695 2512 811 2551 quam
840 2500 879 2540 in
906 2501 992 2552 lege
1010 2501 1175 2541 Lutatia
1199 2502 1409 2542 exercitam
1438 2513 1524 2542 esse
