1712 2841
1530 117 1559 161 5

231 237 368 282 =voluit
407 242 622 289 Ferratius,
664 242 858 282 Plautiae*
883 243 961 293 legi
1000 243 1198 290 tribuitur,
1240 243 1344 282 unde
1384 243 1561 282 diversas

244 317 321 345 non
357 305 478 361 fuisse
514 305 702 354 sequitur.
770 305 812 345 Si
848 318 940 345 vero
977 306 1151 346 clausula
1192 309 1346 345 tantum
1382 304 1560 345 Plautiae

243 368 323 418 legi
353 368 492 407 addita
524 367 605 407 fuit
625 368 797 416 Lutatia,
840 369 957 408 sicuti
984 369 1082 408 Rein
1110 368 1303 418 opinatur,
1345 380 1484 408 vereor
1511 381 1559 408 ne

242 442 320 470 non
348 433 455 470 recte
483 430 626 470 dixerit
653 430 788 470 Cicero
815 443 851 481 p.
880 431 983 484 Cael.
1014 437 1032 469 1
1063 432 1201 481 quaeri
1229 432 1278 471 de
1305 432 1344 471 vi
1372 444 1423 472 ex
1451 433 1559 482 lege

243 493 307 535 Lu
318 493 454 533 tatia.

290 578 299 583 ἃ
348 557 497 605 Quodsi
524 556 689 597 inveniri
716 556 811 596 nihil
837 560 980 606 potest,
1008 568 1085 607 quo
1111 556 1266 597 Plautia
1294 558 1356 597 lex
1382 570 1407 598 a
1432 559 1558 598 Luta-

243 621 300 660 tia
341 620 496 661 diversa
522 619 667 667 fuerit,
709 631 797 660 cum
831 631 852 659 6
887 620 1083 661 contrario
1110 624 1275 671 utraque
1309 633 1334 660 a
1360 621 1558 662 veteribus

243 685 301 734 ita
327 684 600 730 confundatur,
635 688 680 723 ut
716 683 821 734 quod
856 683 906 722 (16
937 683 1063 722 altera
1094 684 1181 734 lege
1217 684 1366 724 dictum
1404 685 1466 733 sit,
1508 685 1556 726 ab

243 748 330 788 aliis
348 747 575 787 auctoribus
593 747 709 786 alteri
727 745 935 793 tribuatur,
964 758 1042 786 una
1060 747 1275 797 eademque
1301 748 1363 795 lex
1381 749 1558 798 putanda

243 814 312 850 est.
369 811 455 857 Qua
481 822 524 849 re
551 810 727 859 probata,
770 820 1023 859 quaecunque
1050 814 1141 849 ante
1170 810 1395 860 Pompeiam
1429 812 1555 861 legem

244 874 335 913 anni
362 885 396 912 u.
427 885 457 912 6.
488 877 559 913 702
595 873 643 912 (16
671 875 902 922 argumento
929 872 1028 921 legis
1058 873 1107 912 de
1134 873 1172 912 vi
1200 873 1306 913 dicta
1332 885 1419 913 esse
1446 874 1554 913 inve-

242 936 406 983 niemus,
448 936 499 974 ad
535 935 728 974 Plautiam
766 935 814 973 (16
849 935 1039 984 vilegem
1076 936 1160 975 iure
1193 936 1414 977 referemus.
1469 938 1555 976 Iam

242 998 443 1037 videamus
472 998 521 1037 de
548 1000 791 1047 argumento.

611 1134 673 1176 H.
716 1134 1034 1186 Argumentum
1061 1134 1186 1186 legis.

847 1221 880 1270 §—
912 1225 943 1258 1.

639 1292 849 1332 Priorum
882 1292 1148 1342 opiniones.

344 1367 540 1417 Bipertita
565 1367 647 1406 fere
673 1369 735 1406 est
762 1365 893 1416 opinio
919 1365 1091 1405 virorum
1120 1366 1325 1405 doctorum
1358 1366 1409 1405 de
1436 1377 1554 1417 argu-

242 1432 373 1470 mento
400 1430 498 1479 legis
530 1429 707 1469 Plautiae
740 1430 789 1468 de
823 1429 873 1468 vi.
929 1429 1008 1468 Aut
1043 1428 1145 1468 enim
1185 1429 1372 1468 delictum
1409 1429 1556 1479 requiri

241 1496 394 1543 putant,
435 1494 539 1544 quod
567 1496 703 1533 contra
738 1492 795 1532 161
830 1492 1010 1542 publicae
1046 1495 1193 1532 statum
1227 1503 1272 1531 ac
1300 1491 1555 1531 securitatem

240 1556 489 1596 commissum
521 1557 584 1603 sit,
625 1560 694 1595 aut
728 1555 970 1605 privatorum
1004 1555 1124 1594 etiam
1157 1555 1358 1594 hominum
1392 1554 1555 1595 iniurias

240 1620 279 1658 vi
315 1620 483 1668 quodam
517 1619 633 1658 modo
669 1619 800 1658 illatas
840 1617 1040 1667 prohiberi
1075 1618 1162 1667 lege
1197 1617 1264 1657 illa
1300 1617 1555 1657 arbitrantur.

240 1682 300 1720 De
327 1693 374 1720 ea
404 1693 446 1721 re
473 1682 540 1731 qui
567 1681 762 1730 copiosius
789 1680 1054 1730 disputarunt,
1096 1692 1230 1719 eorum
1258 1680 1460 1729 opiniones
1493 1680 1556 1719 hic

240 1747 426 1793 repetam.
482 1766 530 1771 —-
585 1744 714 1794 Atque
753 1743 993 1794 antiquiores
1038 1743 1195 1793 quidem
1241 1743 1335 1793 quid
1381 1744 1430 1783 de
1469 1743 1555 1793 lege

240 1807 465 1854 statuerint,
495 1807 676 1856 exposuit
693 1806 911 1855 Waechter,
932 1806 1158 1846 Revision
1177 1807 1260 1846 der
1277 1806 1433 1846 Lehre
1461 1810 1553 1846 cett.

239 1868 390 1909 Neues
417 1869 596 1908 Archiv
624 1870 706 1908 des
733 1869 1150 1909 Criminalrechts
1177 1869 1287 1918 XIII,
1320 1881 1357 1919 p.
1389 1874 1448 1916 19,
1493 1875 1552 1909 20.

240 1931 332 1980 Ipse
359 1935 491 1971 autem
518 1943 600 1970 rem
629 1932 839 1981 diligenter
866 1932 1053 1971 tractavit
1084 1932 1125 1971 in
1160 1927 1553 1972 commentationibus

240 2006 340 2044 61166
368 1997 503 2035 extant
530 1994 676 2033 ibidem
705 1998 798 2033 tom.
826 1994 893 2041 XI,
921 1994 1010 2043 XII,
1040 1995 1150 2042 XIII,
1186 1994 1365 2044 repetitis
1392 1993 1475 2033 fere
1502 1994 1551 2033 ab

241 2058 386 2098 Orellio
412 2058 453 2098 in
471 2058 600 2098 indice
618 2058 760 2108 legum.
799 2056 920 2097 Putat
937 2061 1068 2097 autem
1089 2057 1353 2104 Waechterus,
1382 2061 1426 2096 ut
1444 2056 1553 2096 brevi

239 2132 322 2160 rem
367 2112 708 2169 comprehendam,
760 2121 981 2170 privatas
1025 2121 1232 2160 iniurias
1276 2133 1299 2159 a
1344 2121 1429 2169 lege
1473 2132 1550 2160 non

239 2183 387 2224 alienas
414 2183 545 2224 fuisse.
599 2184 667 2223 Ait
694 2184 796 2223 enim
825 2184 922 2224 haec
948 2183 1030 2224 fere
1060 2183 1099 2232 (l.
1120 2183 1142 2222 1.
1162 2183 1270 2230 XIII,
1299 2195 1335 2232 p.
1358 2187 1379 2222 5
1408 2183 1549 2233 seqq.):

237 2248 465 2294 Commune,
485 2247 623 2297 inquit,
652 2247 774 2286 otium
792 2250 950 2300 praeter
972 2246 1192 2286 maiestatis
1211 2246 1357 2285 crimen
1384 2246 1551 2285 maxime

239 2309 497 2349 conturbatur
523 2309 572 2356 vi,
614 2321 737 2359 eaque
770 2309 808 2348 in
845 2309 907 2349 his
936 2309 1182 2358 potissimum
1212 2307 1437 2348 civitatibus
1464 2320 1551 2348 sae-

237 2372 398 2422 pissime
426 2377 640 2419 exercetur,
686 2384 786 2422 quae
821 2372 981 2411 libidine
1013 2383 1059 2411 ac
1092 2371 1248 2411 licentia
1284 2371 1551 2420 potentiorum

237 2434 315 2474 huc
341 2434 432 2474 illuc
450 2435 657 2474 iactantur.
711 2434 784 2473 His
811 2437 941 2473 autem
958 2434 1177 2482 discordiis,
1207 2435 1288 2473 sive
1307 2434 1550 2483 privatarum

237 2497 428 2539 ultionum
456 2509 574 2538 causa
601 2500 807 2550 susceptae
833 2501 926 2539 sunt
953 2498 1034 2541 sive
1062 2498 1113 2537 ad
1132 2497 1407 2551 acquirendam
1436 2496 1475 2536 in
1504 2508 1546 2538 16
