1712 2841
202 77 258 121 18

198 202 319 243 fuisse
347 202 549 242 tribunum
577 202 630 251 pl.
662 214 686 241 a
715 206 803 250 664,
833 201 922 240 ideo
949 201 1082 250 posuit
1108 200 1273 250 Pighius
1301 205 1337 249 3,
1366 205 1455 249 228,
1479 203 1525 241 ut
1558 202 1559 205 ’

198 266 326 316 legem
367 266 417 305 de
457 277 535 315 qua
574 265 707 314 agitur
748 264 905 314 utrique
940 268 1022 303 tam
1050 263 1207 303 Plautio
1239 276 1357 314 quam
1385 264 1525 305 Catulo

198 328 402 367 tribueret.
449 328 535 374 Quo
558 328 671 377 quasi
688 327 945 366 fundamento
965 337 1154 365 concusso
1172 329 1258 365 tota
1275 326 1342 365 illa
1360 326 1525 366 Waech-

199 391 275 429 teri
303 391 529 429 coniectura
557 393 716 429 corruat
742 400 903 429 necesse
930 392 1003 428 est.
1081 386 1087 390 ’
1572 380 1575 383 ’

304 453 444 503 Itaque
478 453 556 492 alia
592 464 827 502 quaeramus
862 456 1105 501 argumenta.
1160 452 1245 491 Iam
1272 451 1448 491 Plautios
1478 462 1525 492 ac

198 516 382 555 Lutatios
422 516 568 555 saeculi
607 515 766 566 septimi
805 516 838 555 si
874 515 1151 563 examinemus,
1193 527 1270 555 non
1306 514 1525 557 invenimus

199 579 358 628 quidem
402 579 523 618 fuisse
563 579 665 618 ullos
706 590 840 617 earum
880 578 1056 627 gentium
1097 578 1137 617 in
1171 578 1409 626 magistratu
1444 576 1525 616 ullo

200 642 382 691 collegas.
441 642 482 681 Si
510 653 602 681 vero
627 645 734 681 recte
752 640 957 690 posuimus
974 640 1177 679 Lutatiam
1206 652 1230 679 a
1256 639 1413 679 Plautia
1438 639 1525 689 lege

199 705 395 743 diversam
416 704 538 744 fuisse
557 704 715 750 nullam,
744 708 815 743 aut
834 704 1089 743 statuendum
1109 707 1171 743 est
1189 715 1325 742 earum
1345 703 1523 752 gentium

198 767 304 806 viros
332 767 370 805 in
406 767 645 816 magistratu
682 766 813 815 aliquo
846 766 969 805 fuisse
1003 765 1175 814 collegas
1214 768 1284 804 aut
1319 777 1344 804 a
1369 764 1526 805 Plautio

198 830 321 869 latam
351 841 438 869 esse
467 830 594 879 legem
613 829 883 879 principalem,
912 828 1096 868 Catulum
1116 840 1203 868 eam
1231 829 1360 868 denuo
1387 828 1526 868 tulisse

199 894 399 932 clausulae
427 893 513 932 loco
533 892 768 943 quibusdam
799 892 967 932 fortasse
984 892 1144 931 additis.
1189 892 1275 942 Ego
1295 903 1365 932 cur
1391 895 1526 942 poste-

199 957 282 995 rius
309 957 383 995 hoc
410 956 654 995 reiciendum
682 967 769 995 esse
796 959 945 1004 putem,
974 966 1095 1004 supra
1122 955 1285 1004 exposui
1311 966 1349 1004 p.
1379 959 1414 994 5.

305 1019 483 1068 Apparet
511 1022 644 1058 autem
672 1019 799 1067 legem
827 1019 1022 1058 Plautiam
1049 1019 1170 1057 latam
1200 1030 1287 1057 esse
1314 1030 1391 1057 non
1410 1030 1526 1066 posse

198 1084 290 1130 post
325 1093 360 1118 a.
397 1092 435 1118 u.
467 1085 554 1127 690,
593 1093 669 1129 quo
706 1093 808 1120 anno
837 1081 1047 1120 Catilinam
1080 1092 1104 1118 a
1130 1080 1174 1119 L.
1202 1080 1339 1119 Paullo
1365 1080 1452 1130 lege
1478 1091 1527 1118 ea

199 1144 487 1192 interrogatum
533 1155 622 1182 esse
666 1147 806 1182 auctor
850 1147 910 1182 est
953 1143 1162 1183 Sallustius
1202 1143 1291 1182 bell.
1337 1143 1423 1182 Cat.
1464 1148 1525 1181 31.

198 1206 354 1244 Monuit
387 1205 460 1243 hoc
498 1206 576 1243 iam
605 1206 860 1244 Waechterus
893 1217 1020 1255 neque
1057 1206 1261 1255 quisquam
1294 1218 1371 1244 non
1404 1206 1524 1244 videt.

201 1267 279 1307 Sed
298 1268 394 1307 addi
422 1272 568 1317 potest,
598 1281 675 1308 non
703 1281 818 1319 posse
846 1269 965 1308 latam
993 1280 1080 1307 esse
1107 1269 1235 1318 legem
1264 1273 1355 1317 post
1382 1281 1416 1307 a.
1439 1273 1526 1315 686,

200 1331 234 1369 si
280 1331 440 1379 quidem
487 1342 533 1368 eo
581 1343 685 1369 anno
726 1332 896 1370 Caecina
937 1344 960 1369 a
1003 1331 1191 1370 Cicerone
1231 1331 1416 1370 defensus
1452 1335 1525 1369 est.

198 1391 379 1441 Namque
414 1392 453 1430 in
489 1404 537 1431 ea
564 1393 740 1431 oratione
768 1395 802 1443 ξ.
842 1398 878 1441 9,
921 1405 1008 1432 611111
1048 1393 1265 1441 depelleret
1292 1393 1429 1432 Cicero
1456 1405 1527 1442 op-

199 1454 401 1504 probrium
446 1455 761 1493 adversariorum
796 1456 1057 1505 querentium,
1099 1456 1204 1506 quod
1237 1455 1450 1494 interdicto
1478 1455 1528 1493 de

199 1518 239 1556 vi
266 1517 398 1566 potius
427 1529 544 1566 quam
570 1518 725 1556 mitiore
753 1518 885 1572 aliqua
913 1519 1067 1557 actione
1087 1518 1328 1567 confligeret,
1357 1529 1431 1564 „ex
1451 1529 1527 1566 quo

200 1590 344 1628 genere
371 1579 536 1627 peccati,
567 1580 705 1630 inquit,
734 1585 780 1619 ut
806 1580 863 1619 illi
891 1580 1108 1628 clamitant,
1136 1580 1199 1619 vel
1216 1580 1447 1619 iniuriarum
1466 1579 1528 1619 vel

201 1642 375 1691 capitis
394 1642 577 1681 iudicia
596 1644 815 1684 constituta
830 1650 933 1692 sunt,
963 1646 1003 1685 in
1023 1657 1070 1684 eo
1088 1645 1257 1695 potestis
1275 1645 1527 1684 atrocitatem

200 1709 378 1744 nostram
407 1706 749 1754 reprehendere?“
805 1708 939 1747 Genus
966 1711 1098 1746 autem
1126 1707 1225 1747 illud
1250 1707 1404 1756 peccati
1431 1706 1529 1745 dicit

200 1768 280 1806 vim
308 1767 531 1806 hominibus
558 1769 724 1808 armatis
744 1770 891 1809 coactis
909 1770 1072 1816 illatam,
1102 1770 1321 1820 capitisque
1339 1768 1528 1808 iudicium

202 1830 431 1879 intellegere
440 1830 630 1871 debemus
641 1833 910 1882 quaestionem
927 1834 976 1871 de
984 1832 1023 1871 vi
1033 1832 1281 1882 legePlautia
1289 1832 1527 1872 institutam.

306 1891 431 1931 Porro
456 1894 593 1933 Cicero
620 1906 708 1934 cum
737 1896 794 1934 ait
821 1896 949 1946 legem
976 1896 1099 1935 latam
1126 1908 1213 1936 esse
1240 1899 1421 1944 „armata
1447 1895 1530 1936 dis·

204 1956 384 1997 sensione
422 1957 577 2006 civium,
615 1958 853 2009 reipublicae
888 1971 1014 2009 paene
1047 1960 1232 2000 extremis
1259 1958 1529 2009 temporibus“

205 2022 260 2069 (p.
291 2020 395 2059 Cael.
431 2023 464 2070 ξ.
505 2023 586 2071 70),
622 2023 818 2071 cogitasse
844 2023 1047 2072 putandus
1079 2026 1141 2062 est
1172 2026 1243 2061 aut
1270 2023 1320 2061 de
1346 2021 1534 2061 fluctibus

204 2083 392 2122 Cinnanis
420 2087 489 2122 aut
516 2084 566 2123 de
592 2084 813 2134 Lepidiano
840 2086 1024 2126 tumultu.
1079 2086 1181 2126 Nam
1213 2085 1358 2126 bellum
1386 2085 1533 2125 sociale

204 2158 281 2185 non
311 2146 386 2185 fuit
414 2152 570 2186 armata
599 2148 791 2188 dissensio
820 2149 1001 2188 civium.
1063 2149 1241 2188 Cinnana
1266 2152 1400 2187 autem
1427 2152 1529 2186 tem-

204 2220 303 2258 pora
343 2221 387 2248 re
429 2221 524 2248 vera
565 2211 781 2260 appellavit
814 2211 1099 2251 dissensionem
1128 2211 1271 2251 civium
1298 2223 1336 2260 p.
1364 2209 1531 2249 Fonteio

206 2277 241 2318 3,
272 2277 307 2311 6.
365 2272 442 2311 Sed
477 2273 660 2321 quoniam
689 2274 888 2313 Plautium
926 2274 1047 2313 fuisse
1081 2279 1131 2312 tr.
1159 2274 1212 2323 pl.
1248 2274 1427 2312 novimus
1453 2273 1531 2311 Le-

204 2335 358 2384 pidiani
386 2335 580 2375 tumultus
599 2340 778 2385 tempore
804 2337 828 2375 i.
850 2349 883 2376 e.
903 2349 1006 2376 anno
1033 2349 1071 2375 u.
1102 2341 1189 2384 676,
1218 2348 1385 2386 eumque
1402 2336 1529 2385 legem

206 2398 357 2446 tulisse,
404 2410 482 2447 qua
521 2398 735 2447 Lepidanis
777 2400 1047 2439 exsulantibus
1087 2400 1239 2439 reditus
1279 2400 1318 2439 in
1358 2399 1530 2448 patriam

207 2460 380 2507 daretur,
402 2460 484 2498 veri
497 2460 655 2498 videtur
670 2461 835 2501 similius
849 2462 939 2501 huic
953 2462 1084 2511 potius
1099 2473 1202 2501 anno
1215 2462 1341 2512 legem
1355 2464 1530 2500 nostram
