1712 2841
1510 106 1536 149 ⁷

161 223 164 225 “
223 231 486 279 ’Ῡ6ι-ὒτ661ιθῃ,
529 230 601 270 wie
628 229 752 279 Mord,
793 230 1010 278 DiebstahL
1046 231 1239 281 Unzucht‚
1281 231 1353 272 auf
1375 230 1536 282 gewalt-

226 294 403 344 thaetige
430 289 568 333 Weise·
583 292 784 343 begangen
811 296 954 343 wurde‚
983 296 1152 335 sondern
1180 307 1222 335 es
1250 298 1400 335 musste
1428 295 1536 334 diese

224 355 463 397 Gewaltthat
475 355 820 406 hervorgegangen
835 357 918 397 sein
935 369 1007 397 aus
1019 357 1251 407 politischen
1266 357 1535 396 Tendenzen“.

328 419 477 458 Horum
504 417 676 456 virorum
712 422 866 458 tantum
898 420 1034 458 rettuli
1067 419 1281 468 opiniones,
1323 419 1415 468 quia
1441 431 1536 467 prae

225 480 378 528 ceteris,
398 479 551 530 qualem
570 478 645 529 ipsi
659 483 844 529 putarent
857 480 978 520 fuisse
992 483 1174 520 naturam
1193 484 1235 520 et
1253 481 1422 520 indolem
1437 481 1535 531 legis

224 537 413 590 Plautiae,
429 541 578 582 strictis
590 541 840 593 definitisque
853 543 982 583 verbis
996 543 1093 582 mihi
1105 544 1289 583 videntur
1299 545 1534 593 exposuisse.

327 606 400 645 His
414 603 653 656 praemissis,
666 616 766 654 quae
780 617 803 644 a
817 604 1018 644 veteribus
1031 605 1180 645 tradita
1195 606 1273 645 sint
1287 617 1532 655 quaeramus.

832 721 866 770 ξ.
896 724 929 759 2.

326 794 399 835 Rei
425 795 512 845 lege
539 794 669 835 Plotia
696 795 745 835 (16
771 794 810 835 vi
837 793 1009 834 citantur
1035 792 1092 833 hi:

330 865 358 897 1.
415 858 465 897 M.
495 858 720 905 Tuccius,
762 869 877 907 quem
916 870 940 896 a
968 858 1010 897 C.
1044 856 1274 905 Sempronio
1301 856 1402 895 Rufo
1440 859 1531 905 post

222 919 336 959 ludos
363 920 558 960 Romanos
584 932 696 959 reum
723 920 809 968 1636
836 919 965 959 Plotia
991 920 1041 958 de
1067 919 1107 958 vi
1123 919 1272 959 factum
1293 930 1379 958 esse
1398 918 1532 958 scribit

222 982 376 1022 Caelius
404 983 455 1022 ad
481 983 571 1022 fam.
601 988 637 1030 8,
667 988 701 1030 8,
734 988 765 1021 1.

327 1051 359 1084 2.
413 1045 454 1084 Ρ.
475 1047 671 1086 Clodius
689 1047 739 1085 de
758 1057 834 1095 quo
853 1045 990 1085 Cicero
1009 1045 1048 1084 in
1067 1044 1146 1084 Mil.
1166 1046 1199 1095 ξ.
1217 1049 1266 1084 35
1295 1055 1410 1091 „reus
1429 1043 1531 1082 enim

220 1107 377 1147 Milonis
408 1108 494 1157 1636
521 1108 649 1147 Plotia
684 1108 760 1148 fuit
793 1107 965 1154 Clodius,
1003 1108 1132 1157 quoad
1169 1107 1292 1146 vixit“
1333 1105 1379 1145 cf.
1408 1107 1440 1156 ξ.
1470 1109 1531 1152 95,

220 1170 295 1208 Dio
323 1175 384 1216 39,
416 1175 449 1217 7,
486 1170 602 1209 Halm
630 1170 751 1220 praef.
779 1171 830 1210 ad
859 1169 1078 1209 Sestianam
1110 1171 1143 1220 ξ.
1173 1174 1233 1209 23.
1279 1169 1356 1209 Cic.
1383 1181 1419 1218 p.
1448 1169 1531 1208 red.

219 1232 259 1271 in
288 1235 410 1271 senat.
438 1233 472 1282 ξ.
506 1237 562 1271 19.

324 1299 359 1334 3.
417 1295 629 1335 Catilina
672 1298 713 1335 et
754 1295 1012 1345 Cethegus.
1087 1294 1181 1335 Sall.
1228 1294 1314 1335 Cat.
1361 1298 1407 1333 31
1465 1296 1533 1341 „at

221 1357 411 1396 Catilinae
455 1358 624 1397 crudelis
664 1358 818 1396 animus
858 1357 994 1396 eadem
1031 1357 1098 1396 illa
1136 1357 1328 1405 movebat,
1373 1357 1533 1396 tametsi

219 1419 417 1468 praesidia
444 1420 686 1470 parabantur
713 1423 754 1459 et
772 1419 857 1469 ipse
880 1419 967 1470 1636
985 1419 1142 1459 Plautia
1160 1420 1427 1469 interrogatus
1446 1421 1532 1458 erat

219 1481 268 1520 ab
296 1482 340 1520 L.
360 1481 535 1529 Paullo‚“
564 1482 611 1521 cf.
640 1483 715 1521 Dio
744 1487 805 1529 37,
836 1487 896 1520 31.
953 1481 1081 1521 Schol.
1109 1482 1205 1521 Bob.
1234 1482 1273 1521 in
1293 1482 1383 1521 Vat.
1413 1482 1459 1528 X,
1490 1486 1530 1519 2:

219 1543 308 1591 „hic
334 1544 457 1594 igitur
476 1544 621 1584 Paulus
647 1555 833 1584 accusare
859 1544 1089 1584 instituerat
1117 1546 1167 1584 de
1192 1545 1230 1584 vi
1255 1545 1300 1584 L.
1321 1544 1530 1585 Catilinam

218 1608 270 1652 et,
299 1610 343 1645 ut
370 1607 530 1656 quidam
558 1607 770 1646 memoriae
797 1607 1060 1655 tradiderunt,
1090 1607 1132 1647 C.
1149 1607 1405 1657 Cethegum“.

322 1674 358 1707 4.
412 1669 679 1719 reliquiae
733 1669 1119 1710 coniurationis
1169 1670 1529 1710 Catilinariae.

219 1731 499 1773 Pseudo-Sall.
528 1733 568 1771 in
596 1732 674 1772 Cic.
696 1736 729 1780 2,
759 1737 796 1772 3.
849 1732 929 1773 Cic.
948 1744 987 1782 p.
1008 1732 1112 1773 Cael.
1133 1736 1195 1780 29,
1225 1737 1294 1781 703
1336 1732 1383 1772 cf.
1404 1732 1531 1772 Schol.

216 1794 311 1834 Bob.
339 1797 379 1835 in
408 1795 502 1836 Sull.
529 1795 710 1835 XXXIII.
741 1796 827 1846 (Or.
854 1809 893 1847 p.
924 1797 1031 1848 368).

322 1863 356 1897 5.
411 1859 462 1898 M.
484 1858 713 1898 Saufeius.
750 1860 892 1899 Ascon.
912 1860 952 1899 in
971 1859 1052 1899 Mil.
1073 1861 1107 1910 ξ.
1125 1863 1174 1898 95
1202 1859 1446 1910 „(Saufeius)
1466 1872 1528 1899 re-

215 1920 365 1970 petitus
384 1921 524 1961 deinde
542 1925 632 1971 post
649 1933 796 1971 paucos
815 1922 899 1962 dies
917 1922 1024 1972 apud
1038 1921 1267 1962 Considium
1281 1926 1527 1973 quaestorem

215 1986 277 2024 est
302 1984 389 2034 1636
415 1983 571 2023 Plautia
598 1985 646 2024 de
673 1985 724 2032 vi,
752 1984 1040 2034 subscriptione
1066 1988 1139 2025 ea“
1159 1973 1259 2025 cett.

319 2047 534 2094 Accedunt,
585 2059 671 2087 cum
711 2051 804 2087 ante
839 2047 1065 2097 Pompeiam
1102 2049 1179 2087 alia
1220 2060 1266 2087 ac
1298 2047 1426 2086 Plotia
1465 2048 1525 2086 lex

213 2108 333 2148 fuisse
360 2110 541 2147 videatur
568 2109 685 2157 nulla,
713 2109 774 2148 hi:

319 2177 352 2213 6.
407 2172 448 2212 Τ.
467 2172 645 2213 Annius
663 2172 772 2212 Milo
790 2172 862 2221 bis,
880 2175 926 2212 ut
944 2172 1113 2220 videtur,
1137 2172 1224 2223 lege
1241 2171 1368 2211 Plotia
1386 2165 1523 2221 postu-

212 2234 328 2282 latus,
374 2235 542 2286 primum
579 2236 620 2276 P.
646 2235 816 2275 Lentulo
849 2235 1057 2286 Spinthere
1094 2236 1136 2283 Q.
1173 2235 1331 2275 Metello
1370 2236 1523 2286 Nepote

213 2309 289 2339 cos.
319 2300 370 2349 (a.
398 2311 434 2340 u.
456 2300 561 2351 697),
590 2298 775 2340 defensus
801 2311 826 2339 a
843 2298 1038 2350 pempeio,
1067 2300 1210 2340 iterum
1232 2299 1398 2339 fortasse
1416 2301 1522 2350 apud

209 2362 243 2401 L
280 2362 446 2402 Fabium
482 2366 730 2413 quaestorem
761 2375 786 2402 a
811 2363 855 2402 L.
884 2363 1090 2407 Cornificio
1126 2366 1166 2403 et
1201 2363 1243 2410 Q.
1271 2363 1448 2403 Patulcio
1485 2376 1517 2403 a.

210 2436 247 2463 u.
269 2429 355 2473 702,
385 2437 471 2464 cum
500 2426 577 2465 iam
605 2426 815 2466 damnatus
841 2430 945 2466 esset
971 2427 1057 2476 lege
1083 2427 1278 2476 Pompeia.
1323 2428 1461 2466 Ascon.
1481 2428 1521 2467 in

210 2487 290 2529 Mil.
310 2489 343 2541 ξ.
360 2494 425 2529 38:
456 2488 690 2542 „Pompeius
709 2493 842 2531 tamen
861 2501 948 2532 cum
968 2489 1196 2532 defenderet
1209 2490 1393 2531 Milonem
1413 2491 1519 2544 apud
