1712 2841
236 120 290 160 16

228 247 362 282 essent
396 243 461 292 (cf.
497 243 589 282 Tac.
625 244 671 282 A.
707 244 758 291 II,
789 245 869 294 30),
898 245 939 283 id
968 245 1007 284 in
1036 246 1305 295 quaestionem
1333 247 1382 286 de
1410 245 1449 286 vi
1469 241 1552 287 >non

228 306 370 345 cadere
405 306 454 345 ab
489 307 659 347 Asconio
694 308 733 347 in
768 319 919 357 argum.
956 308 1036 349 Mil.
1072 310 1292 358 edocemur,
1326 310 1393 361 qui
1419 306 1553 351 servos

227 369 385 409 Milonis
429 370 486 409 ait
530 383 579 409 ne
619 375 896 421 torquerentur
942 373 1204 412 manumissos
1248 377 1388 422 postea
1431 372 1553 413 nihilo

227 432 357 471 minus
399 432 448 471 ab
493 437 722 473 accusatore
767 435 817 472 ad
864 435 1125 484 torquendum
1151 434 1408 484 'efdagitatos
1428 446 1430 449 ’
1453 434 1550 477 esse.

229 494 378 541 Quodsi
389 495 519 534 Sullae
534 497 568 545 ξ.
583 500 631 535 78
642 507 842 535 servorum
859 497 1110 546 quaestiones
1122 509 1168 537 ac
1184 501 1382 538 tormenta-
1393 498 1552 538 minita-

227 557 346 597 batur
364 562 583 605 accusator,
603 571 679 598 non
696 558 826 598 Sullae
846 560 915 598 sed
934 560 1100 599 aliorum
1115 572 1250 599 servos
1268 557 1562 609 intellegendos*

227 632 315 660 esse
333 625 510 670 apparet.
534 645 580 649 -—
600 621 732 660 Festis
759 633 912 671 quoque
939 622 1078 661 diebus
1097 628 1137 661 et
1156 626 1269 662 extra
1296 623 1474 667 ordinem
1503 623 1552 662 de

227 683 266 723 vi
293 683 557 734 quaerebatur
589 684 686 734 (Cic.
709 696 746 734 p.
768 684 873 724 Cael.
894 685 928 735 ξ.
953 691 990 733 1;
1021 685 1176 725 Caelius
1204 686 1256 725 ad
1284 685 1374 725 fam.
1396 690 1432 732 8,
1453 689 1488 733 8,
1513 683 1550 732 1“;

228 746 421 786 cf.Ascon.
431 747 471 786 in
478 746 559 786 Mil.
567 759 605 796 p.
616 752 665 786 40
675 748 793 797 (On).
805 771 853 776 —
860 748 1038 798 Denique
1048 749 1087 788 111
1095 749 1168 788 hac
1178 753 1314 791 nostra
1323 747 1552 799 quaestione

227 810 377 849 iudices
396 821 472 849 non
501 813 607 849 sorte
628 810 720 849 duci
748 811 818 849 sed
838 810 887 849 ab
907 814 1135 851 accusatore
1163 811 1227 850 edi
1255 811 1361 850 soliti
1380 822 1466 850 esse
1493 810 1569 850 vi-v
1598 841 1601 844 -

228 873 371 912 dentur
398 873 609 912 reiectione
643 873 813 923 alioquin
848 878 1037 914 consueta
1064 874 1126 913 vel
1159 875 1275 924 plane
1309 873 1465 914 sublata
1491 874 1553 913 vel

228 943 336 975 certe
350 936 493 975 finibus
508 936 803 985 angustioribus
822 937 1129 986 circumscripta.
1151 937 1238 984 Qua
1252 938 1301 976 de
1316 948 1358 976 re
1372 929 1553 986 exposuit

227 998 494 1038 Mommsenus
541 999 590 1038 de
625 998 800 1048 collegiis
836 1004 876 1039 et
904 997 1102 1040 sodaliciis
1129 993 1393 1039 Romanorum
1421 1012 1459 1049 p.
1490 1004 1550 1039 65.

229 1062 382 1112 Quippe
410 1063 468 1101 ita
495 1063 803 1111 intellegendum
833 1075 919 1102 esse
947 1064 1061 1102 docet
1088 1063 1216 1102 locum
1237 1062 1419 1102 Sullanae
1446 1062 1480 1111 ξ.
1503 1066 1550 1104 92

227 1125 349 1164 hunc:
387 1136 482 1172 „vos
510 1125 789 1164 reiectione
817 1125 1111 1175 interposita
1138 1124 1234 1164 nihil
1261 1123 1552 1174 suspicantibus

228 1187 340 1226 nobis
368 1188 623 1236 repentini
650 1188 689 1226 in
718 1200 789 1227 nos
817 1188 967 1227 iudices
996 1188 1240 1234 consedistis,
1270 1188 1319 1226 ab
1347 1192 1550 1227 accusato-

227 1249 338 1290 ribus
366 1250 552 1289 delecti
581 1253 673 1289 cett.
705 1250 751 1289 cf.
782 1251 816 1299 §.
848 1254 907 1289 93.
965 1250 1194 1290 Simillimus
1221 1255 1353 1289 autem
1382 1249 1472 1289 huic
1491 1254 1552 1289 est

227 1312 462 1352 Plancianae
503 1313 612 1351 locus
653 1314 686 1361 ξ.
726 1317 776 1351 40
814 1317 884 1359 „tu
922 1313 1072 1362 deligas
1101 1325 1146 1352 ex
1175 1314 1280 1352 omni
1308 1313 1453 1363 populo
1481 1317 1552 1352 aut

227 1377 375 1415 amicos
411 1380 502 1415 tuos
538 1380 608 1415 aut
645 1376 822 1415 inimicos
859 1387 967 1415 meos
997 1407 1004 1414 .
1036 1407 1043 1415 .
1076 1407 1083 1415 .
1115 1407 1122 1415 .
1152 1377 1170 1415 ἶ)
1198 1380 1242 1415 tu
1270 1388 1332 1415 me
1360 1377 1549 1426 ignaro,

229 1451 317 1479 nec
345 1439 578 1488 opinante
617 1438 770 1477 inscio
798 1442 912 1477 notes
941 1469 948 1476 .
980 1469 988 1476 .
1019 1470 1026 1477 .
1057 1469 1065 1476 .
1096 1440 1114 1477 ‘?
1157 1440 1297 1478 deinde
1331 1438 1551 1478 effundas

228 1505 457 1552 repente“
493 1505 584 1541 cett.
627 1501 713 1540 Hoc
749 1501 881 1550 igitur,
911 1502 987 1540 etsi
1015 1503 1063 1541 de
1092 1502 1255 1552 singulis
1283 1502 1460 1551 quaestio
1488 1510 1549 1540 re-

228 1568 361 1603 manet
399 1565 559 1610 incerta,
596 1564 753 1602 videtur
785 1564 956 1612 probari,
991 1564 1029 1603 in
1060 1564 1207 1603 Sullam
1237 1564 1436 1613 cognitum
1465 1575 1550 1603 esse

229 1640 252 1666 a
280 1626 475 1665 iudicibus
501 1626 682 1664 editiciis.
738 1626 817 1664 Eos
845 1630 975 1664 autem
1003 1638 1080 1665 non
1108 1626 1233 1665 solum
1261 1626 1299 1665 in
1323 1627 1550 1676 quaestione

229 1688 503 1729 sodaliciorum
533 1689 603 1727 sed
631 1688 670 1727 in
698 1688 786 1727 aliis
814 1689 932 1727 etiam
961 1689 1155 1728 iudicasse
1183 1689 1380 1739 colligitur
1403 1701 1450 1728 ex
1469 1689 1548 1729 Cic.

182 1805 185 1808 .
229 1766 267 1803 p.
296 1752 428 1792 Plane.
472 1757 530 1799 15,
568 1757 615 1791 36
654 1752 786 1801 „quod
814 1763 937 1801 genus
965 1752 1197 1791 iudiciorum
1228 1752 1298 1800 (sc.
1327 1753 1407 1791 iud.
1436 1752 1549 1801 edit.)

230 1816 262 1856 si
290 1819 353 1855 est
387 1826 553 1865 aequum
582 1814 663 1853 ulla
690 1815 730 1854 in
757 1826 799 1854 re
827 1814 902 1854 nisi
929 1815 968 1854 in
996 1815 1068 1854 hac
1097 1814 1299 1863 tribuaria,
1328 1827 1405 1855 non
1434 1814 1551 1854 intel-

228 1880 316 1928 lego
344 1891 461 1928 quam
489 1877 537 1916 ob
566 1890 649 1916 rem
679 1882 838 1916 senatus
865 1877 939 1915 hoc
967 1890 1044 1915 uno
1072 1878 1111 1916 in
1131 1889 1274 1926 genere
1293 1877 1468 1916 tribus
1487 1877 1551 1915 edi

229 1940 398 1980 voluerit
424 1939 473 1979 ab
493 1943 721 1978 accusatore
742 1950 868 1988 neque
889 1940 1053 1978 eandem
1073 1939 1285 1979 editionem
1304 1938 1551 1979 transtulerit

230 2004 270 2043 in
299 2007 452 2043 ceteras
493 2005 670 2042 causas“.
728 2001 885 2041 Scilicet
925 2002 964 2041 in
1007 2002 1233 2052 quaestione
1276 2002 1550 2042 sodaliciorum

230 2067 364 2105 mitior
391 2065 583 2115 quaedam
611 2065 760 2103 iudices
788 2065 931 2103 edendi
958 2065 1116 2104 valebat
1143 2064 1280 2112 forma,
1309 2065 1367 2103 ita
1394 2068 1439 2104 ut
1466 2069 1552 2104 tota

230 2129 357 2168 tribus
385 2128 583 2167 reicienda
610 2131 714 2167 esset
741 2139 818 2166 non
847 2127 990 2177 singuli
1019 2128 1260 2178 singularum
1289 2127 1463 2168 tribuum
1490 2128 1550 2166 iu-

231 2192 350 2240 dices,
376 2203 463 2231 cum
483 2191 523 2229 in
543 2190 630 2230 aliis
649 2191 942 2241 quaestionibus
961 2204 1061 2242 quae
1080 2192 1174 2231 item
1193 2191 1383 2231 haberent
1401 2191 1550 2231 iudices

231 2256 412 2295 editicios
443 2255 540 2295 haec
568 2255 787 2294 accusatori
815 2255 877 2294 lex
904 2267 980 2295 non
1010 2259 1114 2295 esset
1141 2255 1337 2305 imposita.
1366 2278 1417 2282 —-
1456 2281 1461 2284 -

335 2318 467 2364 Poena
502 2321 635 2356 autem
675 2318 774 2367 legis
806 2318 983 2357 Plautiae
1023 2330 1123 2368 quae
1158 2318 1277 2357 fuerit
1312 2318 1550 2367 ignoramus.

232 2383 461 2423 Ciceronem
483 2393 577 2420 sane
596 2381 630 2420 si
648 2381 799 2429 audias,
820 2381 934 2420 exilio
952 2381 1216 2431 puniebantur
1235 2381 1284 2420 de
1302 2381 1342 2419 vi
1357 2378 1550 2425 damnati;

232 2446 280 2485 cf.
309 2445 582 2495 perorationes
611 2443 793 2483 Sullanae
821 2448 861 2484 et
891 2444 1082 2484 Sestiana.
1138 2445 1191 2483 At
1218 2444 1321 2483 idem
1351 2443 1488 2483 Cicero
1511 2452 1548 2490 p.

230 2509 401 2550 Caecina
420 2509 454 2559 ξ.
478 2513 552 2547 100
580 2508 724 2556 ,‚nulla,
753 2508 891 2557 inquit,
920 2508 959 2547 in
984 2508 1072 2556 lege
1091 2511 1227 2547 nostra
1246 2506 1477 2556 reperietur,
1506 2505 1551 2541 ut
