1712 2841
229 88 320 142 12*

221 221 349 274 titulis
384 222 433 261 de
470 223 509 261 vi
544 221 701 271 publica
732 233 779 261 ac
806 222 961 271 privata
990 222 1096 272 (Dig.
1127 227 1189 270 48,
1220 227 1254 261 6.
1285 223 1326 272 7)
1354 235 1431 263 non
1459 236 1544 265 om-

221 283 313 323 nino
358 285 571 335 requiritur
617 285 694 324 vim
740 285 886 325 factam
931 296 1018 325 esse
1065 285 1267 326 hominum
1319 289 1543 330 coactorum

221 350 463 387 armatorum
491 360 622 399 opera.
697 348 886 389 Similiter
914 349 1017 389 enim
1045 349 1085 389 in
1113 348 1384 390 interdicto
1420 350 1544 391 unde

221 410 269 450 vi
305 411 461 460 digesta
494 424 571 451 non
612 412 829 462 requirunt,
872 424 949 463 quo
989 411 1076 462 quis
1109 411 1332 452 hominibus
1355 411 1544 464 ‘pluribus

222 474 369 514 coactis
396 474 564 525 aliquem
593 475 642 515 de
670 474 793 514 fundo
820 475 1024 523 deiecerit;
1062 478 1105 515 at
1131 476 1173 515 id
1197 475 1324 525 ipsum
1345 475 1544 517 Ciceronis

220 539 354 576 aetate
382 538 421 575 in
450 538 660 576 interdicto
689 539 1012 587 comprehensum
1041 537 1175 585 fuisse,
1212 540 1320 577 certo
1347 537 1544 587 colligitur

221 609 270 639 ex
307 599 385 639 Cic.
423 611 461 649 p.
500 600 626 639 Tullio
664 601 698 651 ξ.
738 605 771 640 7.
806 607 864 641 11.
901 606 957 641 12.
988 605 1057 649 23;
1085 613 1123 651 p.
1153 599 1323 641 Caecina
1348 602 1384 652 ξ.
1413 605 1449 640 2.
1481 605 1542 641 ⁶23.

223 666 283 700 25.
315 667 376 701 26.
406 667 467 701 31.
499 668 558 701 33.
590 668 650 702 35.
681 668 742 702 36.
773 667 834 703 59.
864 669 926 703 so.
959 668 1043 702 104.
1099 664 1326 714 Eodemque
1358 664 1476 702 modo
1496 656 1543 702 ’in

222 724 376 764 actione
411 725 459 764 de
487 725 525 764 vi
562 725 752 765 bonorum
784 729 988 777 raptorum
1023 738 1111 766 cum
1143 725 1312 766 formula
1339 725 1460 766 edicti
1486 725 1544 765 ita

222 792 414 838 concept-a
455 789 594 829 fuerit:
643 789 712 837 „Si
753 790 815 828 cui
860 790 950 828 dolo
991 789 1095 828 malo
1132 788 1357 828 hominibus
1396 788 1544 829 coactis

222 855 355 898 cett.,“
386 851 578 901 Ulpianus
599 852 706 902 (Dig.
736 856 798 899 47,
827 856 863 899 8,
894 857 928 899 2,
959 852 999 902 7)
1025 854 1146 901 negat
1164 854 1348 901 oportere
1367 851 1544 891 homines

223 913 343 954 fuisse
371 918 540 962 coactos,
570 919 614 954 ut
642 915 789 955 actioni
814 915 923 955 locus
951 919 1068 956 esset.
1114 914 1179 954 Ait
1206 915 1327 954 enim:
1362 915 1484 963 „item
1511 914 1545 954 si

222 989 420 1026 proponas
448 978 574 1016 solum
604 978 790 1016 damnum
811 979 979 1025 dedisse,
1008 990 1086 1017 non
1105 981 1202 1027 puto
1221 977 1388 1017 deficere
1405 977 1542 1017 verba:

221 1040 295 1080 hoc
333 1041 448 1089 enim,
492 1042 596 1092 quod
624 1041 681 1082 ait
710 1041 957 1090 „hominibus
985 1040 1158 1081 coactis“
1186 1040 1242 1081 sic
1269 1039 1447 1090 accipere
1475 1040 1544 1079 de-

221 1104 359 1143 bemus
409 1105 556 1151 „etiam
604 1104 828 1144 hominibus
876 1105 1062 1151 coactis,“
1113 1107 1159 1143 ut
1198 1104 1277 1143 sive
1319 1103 1426 1143 solus
1466 1103 1543 1143 vim

222 1166 360 1206 fecerit
388 1167 471 1207 sive
499 1168 619 1207 etiam
647 1167 870 1207 hominibus
898 1168 1045 1208 coactis
1073 1167 1133 1207 vel
1161 1166 1323 1208 armatis
1350 1167 1411 1208 vel
1439 1167 1544 1207 iner-

222 1230 362 1276 mibus,
390 1230 465 1269 hoc
492 1231 624 1270 edicto
653 1234 861 1270 teneatur“
891 1231 966 1280 (ita
993 1231 1259 1270 Mommsenus
1286 1230 1385 1280 legit
1404 1231 1543 1280 Savig-

221 1293 329 1331 nium
365 1294 554 1343 secutus).
611 1294 737 1341 Quam
772 1305 854 1332 rem
889 1293 1091 1343 praeclare
1118 1292 1330 1332 illustravit
1358 1291 1540 1342 Savigny,

220 1355 508 1395 Zeitschrift
536 1355 561 1395 f.
593 1357 893 1396 Rechtswiss.
926 1361 1038 1404 1825,
1070 1356 1118 1396 V.
1146 1368 1184 1406 p.
1217 1361 1290 1396 123
1311 1367 1417 1406 seqq.

326 1419 479 1458 Deinde
506 1419 723 1458 adhibitam
754 1419 860 1458 illam
888 1419 967 1458 vim
996 1419 1278 1468 cognoscimus,

330 1487 362 1519 1.
418 1485 463 1520 ut
500 1482 658 1521 comitia
693 1482 964 1529 turbarentur,
1001 1487 1035 1521 2.
1072 1485 1117 1521 ut
1150 1481 1211 1521 vel
1236 1481 1373 1521 concio
1400 1481 1541 1521 disice-

220 1546 332 1582 retur
360 1544 420 1583 vel
459 1545 614 1593 rogatio
653 1544 906 1593 perferretur.
975 1544 1091 1583 Addo
1128 1549 1163 1583 3.
1201 1543 1347 1583 iudicia
1382 1543 1543 1583 turbata

222 1609 324 1645 teste
353 1606 538 1645 Cicerone
579 1619 616 1656 p.
648 1606 742 1646 Sull.
785 1608 818 1656 ἕ.
863 1610 910 1645 15
954 1605 1045 1653 „ille
1083 1606 1316 1656 (Autronius
1349 1606 1542 1646 Catilinae

222 1669 369 1719 socius)
410 1668 583 1709 ambitus
624 1670 811 1710 iudicium
852 1669 991 1708 tollere
1033 1679 1079 1708 ac
1116 1668 1340 1708 disturbare
1376 1669 1544 1719 primum

221 1731 391 1772 conflato
410 1732 533 1771 voluit
553 1733 815 1783 gladiatorum
835 1745 882 1773 ac
900 1732 1155 1783 fugitivorum
1176 1733 1360 1780 tumultu,
1388 1732 1544 1779 deinde,

220 1796 262 1835 id
307 1796 413 1846 quod
457 1796 627 1836 vidimus
672 1807 819 1843 omnes,
865 1795 1107 1846 lapidatione
1147 1798 1267 1846 atque
1312 1796 1544 1843 concursu,“

221 1858 454 1909 quibuscum
490 1858 727 1898 conferenda
763 1862 855 1899 sunt
891 1871 949 1907 ea,
984 1871 1085 1910 quae
1121 1859 1254 1909 paullo
1292 1859 1394 1899 infra
1429 1859 1464 1909 ξ.
1495 1863 1544 1900 64

221 1923 408 1971 leguntur
443 1922 558 1961 haec:
602 1934 742 1969 „nemo
770 1922 1007 1961 labefactare
1035 1921 1222 1961 iudicium
1250 1925 1311 1962 est
1340 1924 1542 1960 conatus“.

220 1983 358 2034 Neque
395 1983 581 2023 abhorret
617 1983 667 2023 ab
703 1985 764 2023 his
793 1984 986 2023 Catilinae
1023 1984 1296 2035 sociorumque
1330 1984 1541 2032 accusatio,

222 2059 319 2097 quos
346 2051 557 2096 propterea
586 2047 710 2086 videri
738 2046 817 2096 legi
845 2047 894 2085 de
921 2047 960 2085 vi
987 2046 1174 2086 obnoxios
1202 2046 1333 2094 fuisse,
1369 2047 1475 2098 quod
1501 2047 1542 2086 in

222 2109 390 2148 comitiis
414 2109 536 2148 armis
555 2109 633 2147 vim
662 2109 792 2148 facere
820 2109 953 2148 conati
971 2112 1115 2156 essent,
1145 2120 1265 2158 supra
1291 2109 1368 2148 iam
1397 2108 1540 2148 monui.

326 2172 532 2213 Incidebat
546 2173 668 2223 igitur
682 2173 721 2211 in
736 2171 923 2211 iudicium
940 2173 988 2211 de
1000 2172 1038 2211 vi
1051 2172 1137 2222 lege
1148 2171 1287 2219 Plotia,
1303 2172 1369 2222 qui
1383 2172 1543 2211 comitia

221 2235 283 2274 vel
298 2236 521 2274 concionem
539 2235 599 2273 vel
618 2235 763 2274 iudicia
781 2234 962 2273 turbarat
980 2246 1051 2284 per
1064 2234 1142 2273 vim
1157 2234 1379 2273 hominibus
1397 2234 1543 2274 coactis

222 2299 400 2346 armatis,
429 2298 476 2338 cf.
497 2298 644 2338 Paulus
664 2302 761 2338 sent.
783 2310 858 2338 rec.
880 2297 914 2336 V
935 2298 1007 2338 30*
1037 2297 1270 2348 (Huschke).
1311 2297 1410 2337 Late
1439 2296 1541 2345 enim

221 2361 386 2412 patebat
404 2363 589 2402 extremis
608 2363 665 2402 rei
692 2362 872 2412 publicae
890 2362 1135 2412 temporibus
1158 2361 1266 2401 labes
1293 2361 1360 2401 illa
1379 2372 1543 2411 congre-

222 2425 439 2475 gationum,
468 2426 702 2476 videturque
726 2426 785 2465 lex
805 2427 854 2465 de
875 2426 913 2465 vi
931 2437 1067 2465 omnes
1086 2426 1185 2465 istas
1204 2424 1540 2475 congregationes,

221 2488 421 2530 hominum
441 2488 492 2528 ad
512 2488 588 2527 vim
609 2488 829 2529 faciendam
849 2489 1115 2539 coemptiones
1134 2488 1341 2540 prohibere
1360 2488 1540 2528 voluisse.
