1712 2841
1462 84 1518 126 19

200 204 386 258 tribuere,
427 210 551 249 donec
592 209 738 249 certius
776 208 924 259 aliquid
964 210 1161 259 prolatum
1195 209 1283 248 erit.
1345 208 1523 258 Eamque

201 274 315 313 video
342 284 429 313 esse
460 272 609 322 Sigonii
638 273 706 322 (de
733 272 812 311 iud.
832 272 873 311 II
900 284 932 311 c.
953 272 1021 322 33)
1041 273 1274 321 opinionem,
1303 271 1370 321 qui
1393 271 1520 321 legem

200 335 370 374 Plotiam
415 335 537 373 latam
578 346 665 374 esse
704 335 910 384 proposuit
950 335 1016 374 illo
1056 347 1157 374 anno
1197 347 1245 374 ex
1284 335 1522 373 auctoritate

202 397 334 438 Catuli
374 397 555 437 consulis.
611 396 762 437 Tulisse
802 400 934 436 autem
966 397 1024 436 ita
1051 396 1214 437 Catulus
1250 397 1377 447 legem
1413 401 1521 435 recte

201 459 339 511 opinor
371 472 395 499 a
423 460 609 500 Cicerone
642 460 721 499 dici
746 461 886 510 potuit.
941 461 1024 500 Iam
1052 461 1156 511 quod
1185 461 1328 500 obiecit
1354 460 1519 499 Waech-

200 528 310 572 terus
345 523 409 573 (N.
434 524 481 563 A.
510 523 619 571 XIII,
653 536 690 574 p.
724 524 801 574 17),
829 523 964 563 ablato
991 523 1159 563 tribunis
1186 524 1238 574 pl.
1270 535 1342 573 per
1370 523 1519 563 Sullam

201 587 286 626 iure
298 598 387 626 cum
398 587 543 636 populo
552 587 697 635 agendi
706 598 783 626 non
797 588 973 636 potuisse
983 587 1049 626 illo
1060 591 1237 636 tempore
1250 587 1450 626 tribunum
1465 587 1518 636 pl.

201 661 434 700 quemquam
454 649 581 699 legem
601 649 653 688 ad
670 642 859 699 populum
876 648 990 697 ferre,
1010 648 1227 689 refutatum
1239 653 1301 689 est
1313 661 1338 688 a
1352 649 1519 688 Momm-

202 723 296 752 seno
325 711 569 760 (Zeitschrift
588 711 613 750 f.
634 712 712 750 Alt.
736 716 833 751 1846
861 724 900 761 p.
923 717 995 752 106
1025 725 1080 762 sq.
1101 716 1143 751 et
1171 713 1213 752 C.
1233 713 1265 751 Ι.
1285 713 1329 751 L.
1349 725 1387 761 p.
1412 713 1517 761 115).

198 773 288 814 Non
315 774 473 813 omnino
500 774 604 814 enim
631 773 805 813 ablatum
833 777 894 813 est
920 774 981 814 ius
1003 774 1100 813 illud
1117 773 1286 813 tribunis
1304 774 1420 823 plebi,
1450 774 1519 813 sed

199 837 257 876 ita
298 837 536 885 restrictum,
577 840 623 876 ut
662 836 771 887 prius
813 840 992 877 senatum
1039 837 1240 877 consulere
1284 840 1520 887 cogerentur

199 912 317 951 quam
350 902 399 939 de
427 912 471 940 re
496 901 665 951 quadam
683 901 745 939 vacl
771 900 958 950 populum
985 900 1145 940 ferrent.
1199 900 1335 950 quue
1362 900 1519 939 rettulit

198 962 464 1002 Mommsenus
485 962 713 1002 formulam
752 963 858 1002 illam
900 964 938 1002 in
974 963 1126 1014 legibus
1161 963 1382 1003 tribuniciis
1414 963 1519 1002 illius

199 1025 344 1065 aetatis
376 1025 565 1064 usitatam
592 1025 735 1072 DESS,
764 1037 879 1075 quam
906 1026 1009 1065 male
1037 1026 1127 1064 olim
1155 1025 1519 1074 interpretabantur

200 1087 511 1136 ‚‚designati,“
539 1098 628 1126 cum
655 1090 761 1126 esset
789 1088 1090 1135 „desenatus
1119 1088 1395 1126 sententia“.

150 1208 161 1212 ἦ
306 1159 383 1199 Sed
410 1160 507 1198 haec
541 1159 789 1199 coniecturae
828 1160 912 1199 loco
954 1160 1078 1210 posui,
1107 1172 1183 1199 non
1217 1160 1378 1209 ignarus
1407 1159 1517 1198 litem

199 1221 329 1260 adhuc
356 1232 442 1261 esse
470 1220 541 1260 sub
569 1221 709 1260 iudice.

606 1584 1102 1617 -—⁴‘=-·>.ae·<⁴--—n⁴
