1712 2841
9 2142 17 2177 —s—

25 2074 32 2077 ι

1452 108 1508 151 15

178 234 304 289 'apud¹
338 237 492 274 veteres
527 233 648 271 ullum
685 233 769 272 eius
805 233 1014 281 vestigium
1051 238 1261 282 comparet.
1316 232 1509 282 Equidem

197 299 271 349 hoc
297 296 511 337 tenendum
525 299 644 345 puto,
672 295 926 344 principalem
953 295 1051 344 legis
1077 295 1253 334 Plautiae
1280 295 1358 333 vim
1389 294 1510 333 fuisse

198 373 298 411 eam,
325 363 370 400 ut
395 358 536 405 turbae
562 357 782 397 hominibus
809 358 1012 397 conductis
1030 358 1069 396 in
1088 369 1129 396 re
1147 357 1303 407 publica
1321 356 1511 396 conflatae

197 422 503 467 vindicarentur,
544 420 626 458 sive
661 419 820 458 comitia
846 424 916 458 aut
943 420 1075 459 concio
1102 421 1266 459 disiecta
1291 431 1378 458 esse
1403 420 1512 458 dice—

198 487 336 526 rentur
360 483 453 538 sive
489 481 634 522 iudicia
668 481 839 528 turbata,
875 481 956 520 sive
983 482 1180 521 maiestati
1206 481 1340 531 populi
1366 482 1411 520 R.
1441 482 1512 521 de-

199 550 370 587 tractum
383 549 490 587 esset
502 547 721 585 exterarum
737 544 1111 594 civitatium‘legatis
1125 545 1286 600 iniurias
1300 546 1511 592 afferendo,

200 610 262 658 vel
288 610 434 663 siqua
461 611 552 649 sunt
578 607 640 647 bis
668 607 830 654 similia;
871 611 916 645 ut
942 607 1159 656 generatim
1188 611 1305 657 atque
1333 608 1513 647 universe

201 667 496 724 comprehendit
524 670 660 710 Cicero
687 669 784 708 Phil.
814 669 844 707 Ι.
875 673 910 716 9,
940 674 984 708 21
1022 670 1056 708 81
1089 670 1274 709 maiestas
1305 671 1440 719 populi
1466 670 1513 709 R.

201 735 355 778 minuta
386 736 492 773 esset
523 743 595 782 per
621 731 711 770 vim.
793 731 932 781 Itaque
964 731 1176 771 consimilis
1203 732 1371 781 quodam
1398 732 1515 771 modo

178 802 289 838 ¹erat
332 796 542 842 maiestati,
588 795 705 834 modo
745 805 794 833 ne
839 793 880 832 id
919 794 1184 843 quaerendum
1233 793 1353 833 fuisse
1394 794 1514 841 dicas,

150 876 157 883 κ
202 858 440 898 maiestasne
474 854 682 897 imminuta
718 859 823 896 esset
859 867 991 896 necne.
1046 857 1151 896 Nam
1183 858 1232 896 de
1271 858 1310 896 vi
1336 859 1516 907 quaestio

203 925 288 962 erat
311 921 405 960 facti
433 932 521 960 cum
539 920 758 959 maiestatis
778 931 896 959 causa
913 923 1113 959 constaret
1141 932 1187 958 ex
1206 920 1443 968 definitione,
1473 924 1518 959 ut

204 984 261 1036 ait
286 987 390 1023 auct.
425 983 478 1022 ad
503 982 673 1022 Herenn.
702 982 733 1029 Ι,
765 987 825 1028 12,
856 986 916 1028 21,
955 981 1001 1021 cf.
1031 982 1082 1028 ΙΙ,
1116 987 1172 1029 12,
1207 987 1251 1021 17
1280 986 1321 1021 et
1348 983 1517 1033 saepius.

204 1047 382 1087 Tollebat
417 1046 540 1096 igitur
571 1046 633 1085 lex
665 1046 718 1085 de
740 1046 780 1084 vi
806 1045 979 1085 latebras
1006 1045 1092 1084 illas
1120 1050 1320 1085 sescentas
1347 1058 1395 1085 ex
1423 1047 1518 1087 defi-

203 1110 351 1149 nitione
379 1109 599 1148 maiestatis
626 1106 854 1147 imminutae
884 1119 925 1147 se
954 1108 1170 1147 offerentes.

310 1172 388 1212 Sed
427 1171 630 1221 paullatim
673 1171 829 1211 videtur
869 1172 1007 1211 stricta
1040 1172 1137 1211 haec
1174 1176 1214 1212 et
1250 1184 1386 1212 severa
1413 1173 1521 1212 notio

207 1235 444 1278 obsolevisse
489 1234 723 1284 liberiorque
768 1234 830 1273 hic
873 1235 952 1274 11110
1001 1235 1277 1283 interpretatio
1325 1239 1522 1284 temptata

207 1310 305 1347 esse,
339 1301 384 1337 ut
416 1298 478 1337 vel
509 1297 686 1348 privatae
718 1297 882 1337 iniuriae
909 1298 948 1337 vi
982 1297 1184 1337 hominum
1218 1297 1335 1337 turba
1369 1297 1522 1347 publice

207 1362 341 1401 illatae
381 1372 405 1398 a
444 1360 588 1399 iudicio
629 1372 705 1399 non
746 1360 1057 1398 excluderentur.
1119 1360 1276 1399 Testem
1312 1365 1409 1409 puto
1436 1372 1522 1399 esse

209 1434 367 1463 causam
403 1421 571 1470 Milonis,
608 1423 675 1472 qui
707 1422 755 1461 ob
784 1423 942 1461 caedem
972 1422 1098 1461 Clodii
1125 1422 1165 1461 in
1193 1422 1380 1462 iudicium
1408 1423 1457 1462 de
1484 1423 1524 1461 vi

207 1489 369 1526 vocatus
409 1489 481 1525 est.
511 1508 562 1513 -—
587 1484 738 1524 Deinde
778 1488 931 1524 mutata
966 1485 1025 1524 rei
1060 1484 1239 1534 publicae
1276 1485 1403 1524 forma
1435 1496 1523 1524 011111

209 1551 409 1589 cessarent
434 1547 698 1598 potentiorum
722 1547 825 1587 circa
843 1547 1011 1587 honores
1029 1558 1075 1587 ac
1093 1548 1238 1588 iudicia
1256 1549 1525 1589 contentiones

210 1623 375 1663 cumque
410 1616 452 1651 et
488 1611 647 1651 comitia
684 1622 808 1660 paene
843 1611 1001 1666 sublata
1024 1616 1155 1652 essent
1183 1623 1205 1652 e
1232 1624 1274 1651 re
1300 1612 1458 1662 publica
1485 1617 1526 1652 et

210 1675 415 1715 conciones
442 1677 482 1712 et
509 1674 746 1722 rogationes,
774 1673 929 1713 Plautia
952 1674 1014 1713 lex
1040 1675 1190 1714 inutilis
1217 1674 1322 1714 facta
1350 1680 1411 1715 est
1428 1676 1526 1714 alia-

210 1749 285 1789 que
312 1738 362 1777 de
389 1737 428 1777 vi
454 1737 551 1787 lege,
580 1748 680 1787 quae
707 1737 960 1787 privatorum,
990 1741 1034 1777 ut
1062 1739 1119 1777 ita
1147 1738 1287 1786 dicam,
1323 1739 1527 1778 securitati

210 1800 338 1850 magis
373 1800 605 1846 consuleret,
643 1811 741 1848 opus
776 1803 874 1838 erat.
936 1800 1033 1839 Inde
1060 1801 1292 1850 explicanda
1318 1802 1377 1840 vis
1404 1802 1525 1849 notio,

211 1862 337 1914 qualis
363 1862 403 1901 in
432 1861 597 1911 digestis
623 1861 779 1911 legitur,
808 1861 925 1911 plane
952 1863 1031 1902 alia
1048 1874 1094 1902 ac
1113 1862 1241 1903 fuerat
1259 1868 1351 1904 ante
1370 1875 1526 1904 versum

212 1927 383 1967 civitatis
410 1930 571 1966 statum.

817 2045 852 2094 ξ.
882 2048 917 2083 3.

463 2104 657 2145 Iudicii
684 2106 846 2145 forma
873 2118 928 2146 ac
955 2117 1117 2156 poena
1144 2104 1289 2155 legis.

318 2179 510 2218 Convenit
543 2179 727 2227 criminis,
765 2180 880 2230 quale
916 2179 1028 2219 nobis
1061 2179 1188 2218 visum
1220 2183 1293 2227 est,
1329 2176 1529 2217 atrocitati

213 2241 348 2282 iudicii
385 2253 539 2292 quoque
579 2242 705 2282 forma
745 2243 927 2283 severior.
1000 2242 1358 2292 Deprehenduntur
1397 2245 1529 2280 autem

214 2305 406 2354 quaedam
433 2317 458 2344 a
484 2317 592 2345 more
618 2306 850 2346 iudiciorum
868 2307 909 2345 in
927 2306 1015 2345 aliis
1034 2305 1326 2355 quaestionibus
1344 2307 1529 2344 consueto

214 2366 355 2406 aliena.
375 2366 699 2407 Provocationem
709 2369 813 2408 enim
826 2369 875 2407 de
883 2369 922 2407 vi
932 2368 1201 2407 condemnatis
1211 2366 1346 2406 data⁸m
1356 2377 1432 2404 non
1443 2376 1529 2404 esse

216 2439 335 2478 supra
354 2429 432 2468 iam
452 2420 704 2479 cognovimus
723 2442 770 2470 ex
789 2430 869 2470 Cic.
889 2430 989 2470 Phil.
1009 2431 1039 2477 Ι,
1061 2435 1095 2477 9,
1117 2433 1178 2468 21.
1198 2451 1249 2456 -
1267 2428 1419 2467 Deinde
1442 2439 1530 2467 cum

215 2490 388 2542 alioquin
417 2504 621 2532 servorum
649 2493 689 2532 in
718 2497 838 2543 caput
864 2494 1022 2532 domini>
1038 2493 1285 2542 quaestiones
1311 2490 1532 2540 prohibitae
